1638 2345
308 92 602 124 ACADEMIAE
629 90 911 123 HISTORIA.
951 91 1024 122 Ltn.
1060 94 1122 125 IV.
1246 105 1298 135 341

119 136 169 167 11.
192 135 339 169 Menfibus
363 137 499 179 Januario
520 141 550 168 ὅ(
578 135 730 168 Februario
759 136 868 178 experti
885 133 979 166 sumus
1003 133 1090 177 frigus
1107 137 1276 168 acerrimum
1290 161 1300 174 ,
1316 135 1400 164 ΒοΜ-

75 180 155 223 quod
175 182 272 222 utique
296 181 331 210 ad
353 191 427 210 nova
447 183 520 211 circa
533 179 654 223 glaciem
673 182 864 222 experimenta
879 176 1006 209 facienda
1018 182 1161 210 convertit
1178 185 1300 213 animos.
1315 180 1386 208 nifa-

79 226 120 255 D.
133 223 285 266 Hombcrg
295 234 404 254 acetum
415 223 596 266 congelatum
608 222 747 258 exhibuit,
758 222 842 265 idque
855 225 883 252 in
895 232 950 253 tres
961 220 1083 252 divisum
1116 233 1188 253 artes
1199 223 1300 255 infimo

75 265 141 296 loco
156 266 269 298 subsidit
289 278 350 311 pars
360 277 476 298 tartarea
491 266 598 298 coloris
610 265 735 309 subnigri
749 279 756 302 ς
776 265 905 297 medium
920 265 1017 296 locum
1033 276 1096 296 rene
1121 277 1148 297 ar
1165 267 1299 310 parsinli-

76 309 145 353 pida
169 321 230 382 (iuae
256 310 389 354 phlegma
408 310 533 346 dicitur;
563 321 625 355 pars
641 309 737 341 cleosa
758 332 767 347 ,
790 312 822 341 &
838 308 919 342 rubei
932 309 1038 340 coloris
1052 309 1194 341 summum
1215 321 1302 342 occu.

76 364 154 395 pavrt
188 364 282 386 ocum.
1026 378 1029 381 >

109 397 150 427 D.
167 396 311 428 Bouleduc
323 397 418 428 oleum
434 396 544 428 vitrioli
560 395 746 427 reffificatum
757 420 765 432 ‚
776 408 806 427 ut
815 397 892 427 aiunt
902 418 910 431 ‚
925 399 964 427 ita
977 395 1159 439 congelatum
1171 399 1300 433 invenit,

73 450 106 469 ut
119 450 165 469 vas
178 439 268 482 ipsum
291 440 404 482 fregerit
418 454 424 471 ε
441 452 491 471 nec
505 452 597 471 tamen
609 440 718 482 spiritus
732 440 873 484 sulphuris
887 438 1031 481 congelari
1052 445 1154 482 potuit.

110 482 188 513 Cum
202 484 242 514 D.
255 485 408 526 Homberg
427 483 598 515 solutionem
615 483 698 514 silicis
712 482 886 527 praeparasser
898 505 908 519 ‚
932 483 1003 513 hanc
1018 483 1101 515 instar
1117 483 1248 527 gelatinae
1274 487 1301 515 in

75 525 141 567 gelu
159 537 319 557 concretam
341 530 460 558 invenit.

119 571 191 600 111.
219 571 278 600 Die
305 575 341 601 26
365 573 466 601 Martii
487 571 528 600 D.
550 572 597 601 De
614 568 639 599 la
659 571 732 601 Hire
757 568 911 612 Epistolam
927 568 995 611 legit
1017 569 1191 600 castellione
1206 569 1240 601 ad
1252 573 1301 602 Se-

77 623 198 654 quanam
219 613 312 643 datam
326 635 334 648 ,
356 617 385 644 in
406 623 459 656 qua
480 616 590 643 mentio
614 612 768 644 habebatur
790 623 900 655 magna·
920 613 1089 654 tempestatis
1103 636 1112 649 ,
1128 624 1190 656 quae
1202 610 1250 644 die
1265 625 1301 645 10

77 654 179 685 menfis
197 660 270 687 circa
281 657 380 687 horam
400 656 415 686 ὲ
431 656 556 687 Meridie
573 655 721 699 septimam
741 667 802 686 orta
816 657 861 686 est.
878 655 1014 686 Procellae
1029 656 1112 699 hujus
1132 660 1222 699 capite
1238 657 1304 688 infi-

76 698 225 730 flammato
238 722 246 734 ‚
272 703 321 730 ae'r
341 703 447 744 ignitus
469 703 618 744 apparuit:
642 699 768 741 undique
785 702 858 742 ignis
879 697 1044 742 corpuscula
1057 722 1066 735 ‚
1090 710 1225 742 tanquam
1237 700 1304 732 scin-

77 741 145 771 tillae
164 742 354 779 decidebant,
378 743 449 774 adeo
472 755 501 774 ut
527 746 623 774 vicum
644 742 708 773 urbi
731 744 859 773 vicinum
873 753 942 772 mox
963 741 1189 785 conflagaturum
1208 743 1305 775 crede-

79 795 151 815 rent.
173 787 229 817 Hae
248 785 375 818 scintillae
398 787 442 816 his
457 797 537 817 erant
552 784 732 820 consimiles,
747 797 808 828 qux.
828 784 915 815 fabris
939 783 1046 816 ferrum
1068 785 1194 817 candens
1212 789 1241 817 in
1260 790 1306 817 in-

77 828 149 859 cude
170 829 354 861 tundentibus
369 827 526 860 diffiliunt:
550 831 577 859 in
597 840 699 859 terram
717 829 832 860 vibrata:
853 827 996 859 interdum
1017 827 1207 861 volvebantur
1226 830 1306 861 colo-

77 882 108 901 re
124 871 252 903 caerulaeo
266 895 275 908 ‚
289 884 357 904 mox
376 872 574 914 extinguenda:
591 885 597 902 :
611 884 660 914 pet
681 873 757 902 horat
768 871 955 914 quadrantem
977 874 1005 902 in
1029 882 1134 914 magno
1154 883 1233 904 terrae
1248 884 1306 904 tra-

78 915 126 945 ‹stu
142 915 201 946 haec
219 915 344 959 procella
359 915 447 946 saeviit
466 926 474 950 ς
494 919 521 946 in
544 917 634 946 cauda
653 918 726 947 nivis
741 914 847 950 flocci,
872 918 902 945 ὅ(
923 913 1066 944 densiores
1082 914 1232 946 cadebant.
1248 917 1307 946 Eo-

77 956 145 988 dem
162 958 208 988 die
226 961 301 989 circa
325 960 424 990 horam
453 961 583 1002 quintam
619 970 684 989 curn
711 957 818 988 scmiffe
838 968 942 1000 magna
964 959 1038 987 nivis
1066 960 1149 1000 copia
1171 968 1236 990 cum
1260 969 1306 1000 ty-

76 1001 175 1042 phone
196 1002 322 1043 quodam
340 1002 450 1045 delapsa
467 1003 515 1033 est.
530 1003 587 1032 Die
602 1014 632 1040 17
647 1000 773 1043 ejusdem
797 1000 900 1031 menfis
919 1000 1013 1043 liquor
1036 998 1172 1032 subrubet
1189 1025 1199 1037 ‚
1221 1002 1307 1033 visci-

77 1042 144 1079 dus,
155 1044 293 1081 fmtdus,
317 1049 347 1076 ὅ(
366 1044 443 1088 quafi
460 1045 626 1088 sanguineus
645 1046 729 1076 variis
752 1047 780 1074 in
803 1043 872 1075 locis
896 1042 974 1075 urbis
997 1043 1112 1075 decidit.
1136 1045 1232 1076 Guttae
1250 1057 1307 1076 ma·

77 1089 155 1127 jores
177 1088 269 1118 eidem
289 1100 373 1119 muro
396 1100 429 1119 ex
450 1100 567 1132 utraque
583 1099 661 1132 parte
680 1086 745 1118 visae
764 1087 825 1118 sunt
840 1109 851 1124 ,
870 1086 942 1119 adeo
955 1097 985 1117 ut
997 1088 1026 1118 vi
1040 1087 1174 1130 procellae
1188 1099 1235 1119 aut
1251 1100 1307 1119 tur-

78 1130 152 1161 binis
173 1142 206 1162 eo
228 1132 340 1173 perlatae
354 1132 515 1165 videantur.

124 1176 186 1204 lv.
222 1177 301 1206 Tum
320 1175 388 1205 verb
415 1175 547 1217 quaedam
562 1174 598 1206 de
618 1174 734 1206 elaterio
754 1175 827 1204 aeris
848 1173 991 1219 proposita
1007 1174 1124 1218 quaestio
1139 1197 1149 1210 ‚
1170 1175 1308 1206 utrumid

80 1220 217 1260 temporis
240 1217 318 1261 lapsu
342 1218 518 1250 debilitetur.
543 1220 583 1249 D.
607 1217 728 1258 Galloys
742 1217 862 1248 eandem
875 1219 1060 1259 quaestionem
1072 1229 1148 1249 anno
1161 1224 1234 1258 1669
1249 1221 1308 1260 agi-

79 1269 167 1290 tatam
190 1260 271 1291 fuiffe
295 1263 406 1293 testatus
421 1262 476 1297 est,
498 1272 615 1303 tumque
630 1262 672 1291 D.
689 1259 837 1290 Roberval
848 1265 1077 1303 experimentum
1097 1260 1115 1291 ὲ
1129 1260 1154 1290 se
1168 1272 1307 1292 tentatum

79 1305 119 1333 ait
131 1325 140 1338 ,
160 1314 224 1334 cum
241 1305 333 1335 adhuc
346 1307 455 1345 juvenis
479 1303 555 1336 esset.
580 1304 747 1346 Sclopetum
769 1306 980 1345 pneumaticum
999 1307 1065 1334 aere
1080 1326 1089 1339 ‚
1103 1315 1134 1334 ut
1151 1306 1240 1335 moris
1249 1305 1306 1340 est,

81 1348 111 1375 vi
135 1346 235 1376 adacto
261 1348 429 1390 impleverat
443 1370 451 1382 ,
472 1350 551 1387 cujus
572 1350 631 1377 vim
657 1346 885 1388 elasticarn-post
910 1352 946 1376 16
968 1356 1058 1376 annos
1078 1347 1158 1388 aeque
1176 1358 1306 1389 vegetam

79 1390 215 1424 invenit,
234 1401 317 1431 atque
335 1393 365 1421 in
383 1390 442 1433 ipso
460 1392 544 1420 initio
564 1400 629 1420 cum
650 1391 699 1419 ae'r
723 1387 846 1418 intrusus
869 1386 933 1419 fuit.

122 1434 161 1462 V.
183 1432 259 1462 Cum
283 1433 377 1475 Aprili
402 1433 498 1464 mense
521 1432 558 1463 de
583 1432 710 1475 quodam
736 1431 873 1467 homine,
891 1434 942 1474 qui
962 1434 991 1462 in
1011 1430 1158 1464 Suburbio
1175 1433 1203 1461 S.
1224 1431 1307 1473 Jaco-

79 1473 109 1504 bi
133 1485 165 1504 ex
187 1487 328 1507 venenato
347 1480 424 1506 canis
447 1475 538 1506 rabidi
553 1475 648 1507 morsu
665 1476 828 1509 interierat,
843 1473 935 1505 sermo
956 1475 1126 1510 haberetur,
1145 1473 1217 1505 illud
1231 1474 1306 1506 forte

81 1528 114 1547 ex
133 1518 183 1548 usu
203 1518 378 1551 futurumait
396 1521 435 1552 D.
450 1518 537 1550 Dela
553 1521 644 1555 Hire,
666 1517 684 1549 si
709 1517 867 1549 remedium
888 1521 918 1548 in
946 1519 1081 1549 America
1103 1516 1235 1548 usitatum
1257 1517 1309 1547 ad-

82 1562 177 1590 versus
199 1573 352 1594 venenatos
379 1565 501 1601 ingentis
527 1562 662 1605 serpentis
682 1562 791 1593 morsus
809 1560 941 1593 usitatum
965 1561 1166 1596 adhiberetur,
1191 1560 1308 1591 accenso

82 1606 220 1636 nimirum
249 1605 365 1649 pulvere
380 1598 463 1650 pykrio
478 1609 506 1636 in
530 1607 591 1649 ipso
613 1604 741 1640 vulnere,
763 1616 840 1648 parte
856 1607 1038 1646 circumjetsta
1052 1604 1131 1648 prius
1145 1603 1310 1635 scarificata.

82 1647 173 1688 Qod
196 1653 315 1693 experiri
331 1650 395 1681 licet
408 1654 436 1681 in
455 1649 643 1684 animalibus,
660 1648 761 1690 quibus
780 1651 883 1692 viperae
902 1648 1035 1691 infligunt
1055 1647 1182 1679 vulnera.
1204 1650 1246 1678 D.
1260 1650 1310 1678 Du

84 1689 157 1720 Clos
180 1692 234 1722 alia
255 1693 401 1735 quondam
416 1716 424 1729 ‚
451 1704 502 1723 nec
518 1692 642 1723 multum
657 1690 786 1723 diffimili
805 1694 914 1723 ratione
932 1692 1042 1723 morsus
1060 1702 1215 1721 venenatos
1234 1691 1310 1720 sana.-

84 1735 110 1762 ri
129 1734 219 1766 aiebat
232 1759 241 1771 ‚
262 1748 326 1768 cum
348 1737 431 1768 tubus
450 1736 465 1767 ὲ
482 1736 578 1767 chrrta
597 1735 696 1766 bibula
706 1734 847 1766 formatus
867 1746 938 1778 aqua
949 1734 1136 1766 viniardentc
1149 1733 1309 1769 imbuta‚&

85 1776 197 1808 vulneri
209 1779 322 1810 admota
341 1780 503 1812 accenditur
519 1794 525 1810 z
547 1790 608 1810 tum
618 1782 695 1810 enim
717 1781 793 1809 virus
812 1790 901 1810 omne
922 1781 995 1822 ignis
1015 1782 1045 1810 vi
1060 1775 1148 1808 afflari
1162 1776 1310 1807 afferebat.

124 1822 187 1851 VI.
214 1822 260 1853 De
280 1827 429 1855 atramenti
456 1824 577 1854 Sineufis
596 1825 798 1867 pra’paratione
819 1833 886 1853 tunc
906 1825 1042 1865 temporis
1066 1824 1159 1852 astum
1186 1818 1246 1850 fuit.
1275 1819 1311 1849 Id

87 1863 157 1893 vero
178 1864 282 1895 confici
306 1866 376 1899 solet
392 1880 425 1898 ex
445 1869 587 1910 pinguiori
613 1865 693 1897 fumo
709 1868 793 1908 picra
807 1892 816 1902 ,
836 1865 925 1908 vulgo
944 1865 981 1896 du
1004 1867 1060 1895 noir
1081 1864 1113 1894 de
1125 1863 1217 1903 fitme'e
1231 1888 1241 1901 ‚
1265 1864 1310 1893 cui

87 1917 187 1948 parum
207 1907 280 1939 fellis
301 1908 423 1946 bovini,
453 1914 481 1942 &
506 1910 658 1941 iotiocollae
678 1908 856 1942 admiscetur.
877 1909 957 1940 Cum
986 1911 1070 1939 etiam
1087 1908 1121 1937 de
1150 1906 1259 1947 liquore
1282 1909 1312 1936 in

91 1949 200 1980 Smenfi
218 1963 305 1993 regno
323 1952 422 1984 ufitato
437 1977 447 1990 ‚
467 1966 526 1997 quo
548 1953 727 1998 splendorem
742 1952 909 1995 corporibus
933 1953 1088 1986 inducunt,
1106 1949 1194 1991 vulgo
1209 1948 1313 1978 daver-

87 2004 123 2035 ny
139 1992 171 2022 de
185 1996 212 2023 la
229 1997 312 2025 chine
329 2019 337 2032 ,
351 1997 442 2027 sermo
459 1997 607 2028 haberetur
619 2020 627 2033 ,
649 1999 690 2028 D.
712 1995 867 2039 Homberg
879 2000 916 2027 ait
937 1995 1002 2026 oleo
1023 1991 1181 2025 lavendulae
1191 2003 1253 2022 cum
1264 1994 1314 2034 pet-⁷

91 2039 145 2067 rari
168 2037 240 2080 apud
258 2050 312 2069 nos
325 2065 333 2076 ‚
353 2052 444 2082 eoque
469 2040 576 2071 laccam
591 2040 708 2073 diffolvi
724 2056 734 2081 ·‚
763 2039 858 2072 fraerae
872 2037 1039 2084 porcellanae
1054 2048 1102 2067 aut
1125 2035 1230 2067 Achati
1244 2035 1314 2079 lapi.

92 2078 120 2109 di
145 2080 372 2124 conglutinando
398 2084 504 2115 utiliter
529 2083 670 2118 adhiberi.

1063 2124 1165 2159 Vviij
