<?xml version="1.0" encoding="UTF-8"?>
<!DOCTYPE html PUBLIC "-//W3C//DTD XHTML 1.0 Transitional//EN"
    "http://www.w3.org/TR/xhtml1/DTD/xhtml1-transitional.dtd">
<html xmlns="http://www.w3.org/1999/xhtml" xml:lang="en" lang="en">
 <head>
  <title>
</title>
<meta http-equiv="Content-Type" content="text/html;charset=utf-8" />
  <meta name='ocr-system' content='tesseract 3.04.00' />
  <meta name='ocr-capabilities' content='ocr_page ocr_carea ocr_par ocr_line ocrx_word'/>
</head>
<body>
  <div class='ocr_page' id='page_1' title='image "./regiscientiaru98duha_0093.png"; bbox 0 0 1638 2345; ppageno 0'>
   <div class='ocr_carea' id='block_1_1' title="bbox 78 100 1424 2143">
    <p class='ocr_par' dir='ltr' id='par_1_1' title="bbox 78 100 1424 405">
     <span class='ocr_line' id='line_1_1' title="bbox 316 100 1305 141; baseline -0.004 -7"><span class='ocrx_word' id='word_1_1' title='bbox 316 103 613 135; x_wconf 80' lang='lat' dir='ltr'>ACADEMIAE</span> <span class='ocrx_word' id='word_1_2' title='bbox 657 100 944 134; x_wconf 85' lang='lat' dir='ltr'><strong>HISTORIA.</strong></span> <span class='ocrx_word' id='word_1_3' title='bbox 982 101 1072 131; x_wconf 67' lang='grc' dir='ltr'>[ιε.</span> <span class='ocrx_word' id='word_1_4' title='bbox 1104 103 1128 133; x_wconf 91' lang='grc' dir='ltr'>Ι.</span> <span class='ocrx_word' id='word_1_5' title='bbox 1269 112 1305 141; x_wconf 83' lang='lat'>7¹</span> 
     </span>
     <span class='ocr_line' id='line_1_2' title="bbox 78 142 1422 192; baseline -0.005 -14"><span class='ocrx_word' id='word_1_6' title='bbox 78 145 224 178; x_wconf 74' lang='lat' dir='ltr'>accensam</span> <span class='ocrx_word' id='word_1_7' title='bbox 263 144 348 178; x_wconf 80' lang='lat' dir='ltr'>ofitus</span> <span class='ocrx_word' id='word_1_8' title='bbox 366 146 489 192; x_wconf 85' lang='lat' dir='ltr'>phialam</span> <span class='ocrx_word' id='word_1_9' title='bbox 505 150 629 178; x_wconf 88' lang='lat' dir='ltr'>omnino</span> <span class='ocrx_word' id='word_1_10' title='bbox 647 146 772 178; x_wconf 89' lang='lat' dir='ltr'>lucidam</span> <span class='ocrx_word' id='word_1_11' title='bbox 790 145 954 177; x_wconf 87' lang='lat' dir='ltr'>intuebitur.</span> <span class='ocrx_word' id='word_1_12' title='bbox 977 144 1059 174; x_wconf 89' lang='lat' dir='ltr'>Idem</span> <span class='ocrx_word' id='word_1_13' title='bbox 1074 145 1195 186; x_wconf 86' lang='lat' dir='ltr'>expetiti</span> <span class='ocrx_word' id='word_1_14' title='bbox 1209 142 1308 175; x_wconf 84' lang='lat' dir='ltr'>licebit</span> <span class='ocrx_word' id='word_1_15' title='bbox 1325 144 1370 173; x_wconf 88' lang='lat' dir='ltr'>De</span> <span class='ocrx_word' id='word_1_16' title='bbox 1379 142 1422 172; x_wconf 79' lang='lat' dir='ltr'>vi-</span> 
     </span>
     <span class='ocr_line' id='line_1_3' title="bbox 81 158 1424 233; baseline -0.004 -14"><span class='ocrx_word' id='word_1_17' title='bbox 81 192 110 220; x_wconf 92' lang='lat' dir='ltr'>in</span> <span class='ocrx_word' id='word_1_18' title='bbox 126 188 217 220; x_wconf 80' lang='lat' dir='ltr'>oculis</span> <span class='ocrx_word' id='word_1_19' title='bbox 239 158 340 221; x_wconf 50' lang='lat' dir='ltr'>igelium</span> <span class='ocrx_word' id='word_1_20' title='bbox 351 217 360 229; x_wconf 89' lang='lat'>‚</span> <span class='ocrx_word' id='word_1_21' title='bbox 383 195 411 222; x_wconf 92' lang='lat' dir='ltr'>in</span> <span class='ocrx_word' id='word_1_22' title='bbox 428 190 528 233; x_wconf 86' lang='lat' dir='ltr'>quibus</span> <span class='ocrx_word' id='word_1_23' title='bbox 544 189 592 221; x_wconf 82' lang='lat' dir='ltr'>lux</span> <span class='ocrx_word' id='word_1_24' title='bbox 611 190 659 221; x_wconf 85' lang='lat' dir='ltr'>illa</span> <span class='ocrx_word' id='word_1_25' title='bbox 674 189 800 221; x_wconf 80' lang='lat' dir='ltr'>caerulaea</span> <span class='ocrx_word' id='word_1_26' title='bbox 824 193 853 220; x_wconf 69' lang='grc' dir='ltr'>δε</span> <span class='ocrx_word' id='word_1_27' title='bbox 871 190 999 232; x_wconf 80' lang='lat' dir='ltr'>vegetior</span> <span class='ocrx_word' id='word_1_28' title='bbox 1019 186 1164 229; x_wconf 78' lang='lat' dir='ltr'>apparebit</span> <span class='ocrx_word' id='word_1_29' title='bbox 1179 200 1186 218; x_wconf 70' lang='grc' dir='ltr'><strong>ι</strong></span> <span class='ocrx_word' id='word_1_30' title='bbox 1204 189 1364 230; x_wconf 82' lang='lat' dir='ltr'>magnosus</span> <span class='ocrx_word' id='word_1_31' title='bbox 1379 195 1424 214; x_wconf 78' lang='lat' dir='ltr'>or-</span> 
     </span>
     <span class='ocr_line' id='line_1_4' title="bbox 79 229 1397 277; baseline -0.002 -15"><span class='ocrx_word' id='word_1_32' title='bbox 79 233 196 275; x_wconf 89' lang='lat' dir='ltr'>quidem</span> <span class='ocrx_word' id='word_1_33' title='bbox 217 234 325 264; x_wconf 84' lang='lat' dir='ltr'>indicio</span> <span class='ocrx_word' id='word_1_34' title='bbox 347 246 410 264; x_wconf 86' lang='lat' dir='ltr'>eam</span> <span class='ocrx_word' id='word_1_35' title='bbox 432 245 489 264; x_wconf 91' lang='lat' dir='ltr'>non</span> <span class='ocrx_word' id='word_1_36' title='bbox 506 233 620 264; x_wconf 77' lang='lat' dir='ltr'>aliunde</span> <span class='ocrx_word' id='word_1_37' title='bbox 632 234 718 277; x_wconf 71' lang='lat' dir='ltr'>quam</span> <span class='ocrx_word' id='word_1_38' title='bbox 732 233 747 263; x_wconf 74' lang='grc' dir='ltr'>ὲ</span> <span class='ocrx_word' id='word_1_39' title='bbox 764 233 904 264; x_wconf 52' lang='lat' dir='ltr'>choro&#39;i&#39;ne</span> <span class='ocrx_word' id='word_1_40' title='bbox 917 254 927 267; x_wconf 95' lang='lat'>‚</span> <span class='ocrx_word' id='word_1_41' title='bbox 945 243 1006 275; x_wconf 82' lang='lat' dir='ltr'>quae</span> <span class='ocrx_word' id='word_1_42' title='bbox 1028 231 1083 260; x_wconf 89' lang='lat' dir='ltr'>hoc</span> <span class='ocrx_word' id='word_1_43' title='bbox 1103 229 1201 260; x_wconf 89' lang='lat' dir='ltr'>colore</span> <span class='ocrx_word' id='word_1_44' title='bbox 1223 233 1306 273; x_wconf 84' lang='lat' dir='ltr'>tingi-</span> <span class='ocrx_word' id='word_1_45' title='bbox 1318 240 1397 274; x_wconf 82' lang='lat' dir='ltr'>gano-</span> 
     </span>
     <span class='ocr_line' id='line_1_5' title="bbox 80 271 1311 317; baseline -0.002 -11"><span class='ocrx_word' id='word_1_46' title='bbox 80 285 126 306; x_wconf 89' lang='lat' dir='ltr'>tur</span> <span class='ocrx_word' id='word_1_47' title='bbox 140 298 150 310; x_wconf 93' lang='lat'><em>‚</em></span> <span class='ocrx_word' id='word_1_48' title='bbox 170 276 205 307; x_wconf 91' lang='lat' dir='ltr'>ad</span> <span class='ocrx_word' id='word_1_49' title='bbox 224 277 323 307; x_wconf 87' lang='lat' dir='ltr'>oculos</span> <span class='ocrx_word' id='word_1_50' title='bbox 340 278 448 308; x_wconf 85' lang='lat' dir='ltr'>nostros</span> <span class='ocrx_word' id='word_1_51' title='bbox 465 276 577 308; x_wconf 82' lang='lat' dir='ltr'>resilire.</span> <span class='ocrx_word' id='word_1_52' title='bbox 611 280 678 310; x_wconf 64' lang='lat' dir='ltr'>Nec</span> <span class='ocrx_word' id='word_1_53' title='bbox 700 275 783 307; x_wconf 86' lang='lat' dir='ltr'>color</span> <span class='ocrx_word' id='word_1_54' title='bbox 797 275 846 307; x_wconf 89' lang='lat' dir='ltr'>ille</span> <span class='ocrx_word' id='word_1_55' title='bbox 859 298 868 311; x_wconf 96' lang='lat'>,</span> <span class='ocrx_word' id='word_1_56' title='bbox 894 286 939 306; x_wconf 86' lang='lat' dir='ltr'>aur</span> <span class='ocrx_word' id='word_1_57' title='bbox 963 273 1034 305; x_wconf 86' lang='lat' dir='ltr'>alius</span> <span class='ocrx_word' id='word_1_58' title='bbox 1056 276 1150 317; x_wconf 84' lang='lat' dir='ltr'>quivis</span> <span class='ocrx_word' id='word_1_59' title='bbox 1170 271 1311 304; x_wconf 73' lang='lat' dir='ltr'>visionem</span> 
     </span>
     <span class='ocr_line' id='line_1_6' title="bbox 80 315 1311 362; baseline -0.002 -14"><span class='ocrx_word' id='word_1_60' title='bbox 80 317 169 361; x_wconf 83' lang='lat' dir='ltr'>ipsam</span> <span class='ocrx_word' id='word_1_61' title='bbox 190 319 344 351; x_wconf 88' lang='lat' dir='ltr'>confundit</span> <span class='ocrx_word' id='word_1_62' title='bbox 369 334 376 352; x_wconf 89' lang='lat'>:</span> <span class='ocrx_word' id='word_1_63' title='bbox 399 331 458 351; x_wconf 91' lang='lat' dir='ltr'>non</span> <span class='ocrx_word' id='word_1_64' title='bbox 477 323 554 351; x_wconf 88' lang='lat' dir='ltr'>enirn</span> <span class='ocrx_word' id='word_1_65' title='bbox 570 320 661 352; x_wconf 87' lang='lat' dir='ltr'>sensus</span> <span class='ocrx_word' id='word_1_66' title='bbox 682 319 770 352; x_wconf 90' lang='lat' dir='ltr'>ullam</span> <span class='ocrx_word' id='word_1_67' title='bbox 787 319 803 349; x_wconf 78' lang='grc' dir='ltr'>ὲ</span> <span class='ocrx_word' id='word_1_68' title='bbox 824 319 879 351; x_wconf 87' lang='lat' dir='ltr'>suis</span> <span class='ocrx_word' id='word_1_69' title='bbox 891 320 1005 362; x_wconf 82' lang='lat' dir='ltr'>organis</span> <span class='ocrx_word' id='word_1_70' title='bbox 1025 315 1242 360; x_wconf 82' lang='lat' dir='ltr'>impressionem</span> <span class='ocrx_word' id='word_1_71' title='bbox 1263 329 1311 348; x_wconf 87' lang='lat' dir='ltr'>ex.</span> 
     </span>
     <span class='ocr_line' id='line_1_7' title="bbox 79 365 198 405; baseline 0.017 -14"><span class='ocrx_word' id='word_1_72' title='bbox 79 365 198 405; x_wconf 85' lang='lat' dir='ltr'>cipiunt.</span> 
     </span>
    </p>

    <p class='ocr_par' dir='ltr' id='par_1_2' title="bbox 79 403 1316 955">
     <span class='ocr_line' id='line_1_8' title="bbox 121 403 1314 450; baseline -0.003 -14"><span class='ocrx_word' id='word_1_73' title='bbox 121 408 148 436; x_wconf 93' lang='lat' dir='ltr'>V</span> <span class='ocrx_word' id='word_1_74' title='bbox 162 407 185 437; x_wconf 90' lang='lat' dir='ltr'>I.</span> <span class='ocrx_word' id='word_1_75' title='bbox 222 404 370 450; x_wconf 85' lang='lat' dir='ltr'>Impreffio</span> <span class='ocrx_word' id='word_1_76' title='bbox 391 417 459 437; x_wconf 91' lang='lat' dir='ltr'>vero</span> <span class='ocrx_word' id='word_1_77' title='bbox 479 406 528 437; x_wconf 86' lang='lat' dir='ltr'>illa</span> <span class='ocrx_word' id='word_1_78' title='bbox 551 406 668 439; x_wconf 87' lang='lat' dir='ltr'>luminis</span> <span class='ocrx_word' id='word_1_79' title='bbox 686 411 715 438; x_wconf 93' lang='lat' dir='ltr'>in</span> <span class='ocrx_word' id='word_1_80' title='bbox 738 406 880 437; x_wconf 78' lang='lat' dir='ltr'>choro&#39;l&#39;de</span> <span class='ocrx_word' id='word_1_81' title='bbox 899 403 965 438; x_wconf 85' lang='lat' dir='ltr'>alba</span> <span class='ocrx_word' id='word_1_82' title='bbox 989 405 1131 447; x_wconf 65' lang='lat' dir='ltr'>picruram</span> <span class='ocrx_word' id='word_1_83' title='bbox 1153 407 1243 446; x_wconf 77' lang='lat' dir='ltr'>magis</span> <span class='ocrx_word' id='word_1_84' title='bbox 1267 407 1314 434; x_wconf 78' lang='lat' dir='ltr'>vi-</span> 
     </span>
     <span class='ocr_line' id='line_1_9' title="bbox 80 446 1314 492; baseline 0 -14"><span class='ocrx_word' id='word_1_85' title='bbox 80 446 190 479; x_wconf 83' lang='lat' dir='ltr'>sibilem</span> <span class='ocrx_word' id='word_1_86' title='bbox 204 470 214 484; x_wconf 94' lang='lat'><em>,</em></span> <span class='ocrx_word' id='word_1_87' title='bbox 237 460 323 491; x_wconf 86' lang='lat' dir='ltr'>quam</span> <span class='ocrx_word' id='word_1_88' title='bbox 343 452 371 480; x_wconf 82' lang='lat' dir='ltr'>in</span> <span class='ocrx_word' id='word_1_89' title='bbox 393 452 473 492; x_wconf 86' lang='lat' dir='ltr'>nigra</span> <span class='ocrx_word' id='word_1_90' title='bbox 496 449 582 482; x_wconf 79' lang='lat' dir='ltr'>efficit</span> <span class='ocrx_word' id='word_1_91' title='bbox 596 474 604 487; x_wconf 79' lang='lat'><em>‚</em></span> <span class='ocrx_word' id='word_1_92' title='bbox 631 451 677 482; x_wconf 84' lang='lat' dir='ltr'>sed</span> <span class='ocrx_word' id='word_1_93' title='bbox 701 461 794 482; x_wconf 86' lang='lat' dir='ltr'>tamen</span> <span class='ocrx_word' id='word_1_94' title='bbox 819 451 923 480; x_wconf 82' lang='lat' dir='ltr'>fortior</span> <span class='ocrx_word' id='word_1_95' title='bbox 948 448 986 478; x_wconf 75' lang='lat' dir='ltr'>cst</span> <span class='ocrx_word' id='word_1_96' title='bbox 1006 450 1036 477; x_wconf 93' lang='lat' dir='ltr'>in</span> <span class='ocrx_word' id='word_1_97' title='bbox 1055 449 1134 489; x_wconf 85' lang='lat' dir='ltr'>nigra</span> <span class='ocrx_word' id='word_1_98' title='bbox 1152 460 1159 478; x_wconf 72' lang='grc' dir='ltr'>ε</span> <span class='ocrx_word' id='word_1_99' title='bbox 1174 447 1314 489; x_wconf 62' lang='lat' dir='ltr'>quemad-</span> 
     </span>
     <span class='ocr_line' id='line_1_10' title="bbox 79 490 1313 538; baseline 0 -17"><span class='ocrx_word' id='word_1_100' title='bbox 79 491 203 522; x_wconf 86' lang='lat' dir='ltr'>modum</span> <span class='ocrx_word' id='word_1_101' title='bbox 224 493 324 524; x_wconf 77' lang='lat' dir='ltr'>charta</span> <span class='ocrx_word' id='word_1_102' title='bbox 344 495 427 535; x_wconf 83' lang='lat' dir='ltr'>nigro</span> <span class='ocrx_word' id='word_1_103' title='bbox 447 492 544 524; x_wconf 86' lang='lat' dir='ltr'>colore</span> <span class='ocrx_word' id='word_1_104' title='bbox 569 492 674 525; x_wconf 67' lang='lat' dir='ltr'>infr-&lt;sta</span> <span class='ocrx_word' id='word_1_105' title='bbox 703 492 807 538; x_wconf 84' lang='lat' dir='ltr'>speculi</span> <span class='ocrx_word' id='word_1_106' title='bbox 837 493 934 523; x_wconf 81' lang='lat' dir='ltr'>ustorii</span> <span class='ocrx_word' id='word_1_107' title='bbox 961 494 991 521; x_wconf 88' lang='lat' dir='ltr'>vi</span> <span class='ocrx_word' id='word_1_108' title='bbox 1017 493 1099 521; x_wconf 87' lang='lat' dir='ltr'>citius</span> <span class='ocrx_word' id='word_1_109' title='bbox 1128 490 1313 526; x_wconf 69' lang='lat' dir='ltr'>inccrditur,</span> 
     </span>
     <span class='ocr_line' id='line_1_11' title="bbox 80 535 1315 579; baseline 0 -14"><span class='ocrx_word' id='word_1_110' title='bbox 80 545 166 576; x_wconf 83' lang='lat' dir='ltr'>quam</span> <span class='ocrx_word' id='word_1_111' title='bbox 188 535 251 566; x_wconf 90' lang='lat' dir='ltr'>alba</span> <span class='ocrx_word' id='word_1_112' title='bbox 269 559 280 572; x_wconf 93' lang='lat'><em>‚</em></span> <span class='ocrx_word' id='word_1_113' title='bbox 310 547 376 566; x_wconf 91' lang='lat' dir='ltr'>cum</span> <span class='ocrx_word' id='word_1_114' title='bbox 398 538 447 568; x_wconf 87' lang='lat' dir='ltr'>ista</span> <span class='ocrx_word' id='word_1_115' title='bbox 474 536 567 568; x_wconf 83' lang='lat' dir='ltr'>radios</span> <span class='ocrx_word' id='word_1_116' title='bbox 586 537 687 568; x_wconf 80' lang='lat' dir='ltr'>fortius</span> <span class='ocrx_word' id='word_1_117' title='bbox 713 548 829 579; x_wconf 69' lang='lat' dir='ltr'>regerat.</span> <span class='ocrx_word' id='word_1_118' title='bbox 869 538 915 567; x_wconf 86' lang='lat' dir='ltr'>Sic</span> <span class='ocrx_word' id='word_1_119' title='bbox 944 535 1033 565; x_wconf 90' lang='lat' dir='ltr'>homo</span> <span class='ocrx_word' id='word_1_120' title='bbox 1056 537 1084 564; x_wconf 66' lang='grc' dir='ltr'>ὅ(</span> <span class='ocrx_word' id='word_1_121' title='bbox 1108 544 1173 564; x_wconf 88' lang='lat' dir='ltr'>aves</span> <span class='ocrx_word' id='word_1_122' title='bbox 1196 536 1315 565; x_wconf 85' lang='lat' dir='ltr'>acrioris</span> 
     </span>
     <span class='ocr_line' id='line_1_12' title="bbox 81 576 1313 624; baseline 0 -16"><span class='ocrx_word' id='word_1_123' title='bbox 81 577 145 608; x_wconf 85' lang='lat' dir='ltr'>sunt</span> <span class='ocrx_word' id='word_1_124' title='bbox 160 578 234 609; x_wconf 83' lang='lat' dir='ltr'>visus</span> <span class='ocrx_word' id='word_1_125' title='bbox 249 601 258 615; x_wconf 91' lang='lat'><em>‚</em></span> <span class='ocrx_word' id='word_1_126' title='bbox 276 590 363 621; x_wconf 86' lang='lat' dir='ltr'>quam</span> <span class='ocrx_word' id='word_1_127' title='bbox 384 591 446 622; x_wconf 86' lang='lat' dir='ltr'>pars</span> <span class='ocrx_word' id='word_1_128' title='bbox 465 582 557 620; x_wconf 86' lang='lat' dir='ltr'>major</span> <span class='ocrx_word' id='word_1_129' title='bbox 579 583 768 611; x_wconf 67' lang='lat' dir='ltr'>animantium</span> <span class='ocrx_word' id='word_1_130' title='bbox 781 602 788 614; x_wconf 92' lang='lat'><em>,</em></span> <span class='ocrx_word' id='word_1_131' title='bbox 812 579 891 624; x_wconf 89' lang='lat' dir='ltr'>quod</span> <span class='ocrx_word' id='word_1_132' title='bbox 913 589 970 610; x_wconf 77' lang='lat' dir='ltr'>atra</span> <span class='ocrx_word' id='word_1_133' title='bbox 992 576 1133 609; x_wconf 83' lang='lat' dir='ltr'>choro&#39;i&#39;de</span> <span class='ocrx_word' id='word_1_134' title='bbox 1146 576 1291 608; x_wconf 86' lang='lat' dir='ltr'>donentur</span> <span class='ocrx_word' id='word_1_135' title='bbox 1304 599 1313 612; x_wconf 91' lang='lat'><em>,</em></span> 
     </span>
     <span class='ocr_line' id='line_1_13' title="bbox 80 619 1314 665; baseline -0.001 -14"><span class='ocrx_word' id='word_1_136' title='bbox 80 631 166 662; x_wconf 78' lang='lat' dir='ltr'>quam</span> <span class='ocrx_word' id='word_1_137' title='bbox 191 621 239 652; x_wconf 87' lang='lat' dir='ltr'>lux</span> <span class='ocrx_word' id='word_1_138' title='bbox 262 623 458 653; x_wconf 80' lang='lat' dir='ltr'>vehementius</span> <span class='ocrx_word' id='word_1_139' title='bbox 480 622 575 654; x_wconf 83' lang='lat' dir='ltr'>afficit.</span> <span class='ocrx_word' id='word_1_140' title='bbox 608 623 695 655; x_wconf 84' lang='lat' dir='ltr'><strong>Unde</strong></span> <span class='ocrx_word' id='word_1_141' title='bbox 720 627 749 654; x_wconf 87' lang='lat'>&amp;</span> <span class='ocrx_word' id='word_1_142' title='bbox 773 622 912 665; x_wconf 78' lang='lat' dir='ltr'>pupillam</span> <span class='ocrx_word' id='word_1_143' title='bbox 933 624 1023 663; x_wconf 70' lang='lat' dir='ltr'>magis</span> <span class='ocrx_word' id='word_1_144' title='bbox 1044 619 1230 650; x_wconf 84' lang='lat' dir='ltr'>contrahunt.</span> <span class='ocrx_word' id='word_1_145' title='bbox 1271 623 1314 652; x_wconf 84' lang='lat' dir='ltr'>Ex</span> 
     </span>
     <span class='ocr_line' id='line_1_14' title="bbox 79 663 1315 708; baseline 0 -15"><span class='ocrx_word' id='word_1_146' title='bbox 79 674 138 705; x_wconf 91' lang='lat' dir='ltr'>quo</span> <span class='ocrx_word' id='word_1_147' title='bbox 167 664 290 696; x_wconf 84' lang='lat' dir='ltr'>efficitur</span> <span class='ocrx_word' id='word_1_148' title='bbox 317 676 348 696; x_wconf 86' lang='lat' dir='ltr'>ut</span> <span class='ocrx_word' id='word_1_149' title='bbox 377 664 449 696; x_wconf 90' lang='lat' dir='ltr'>radii</span> <span class='ocrx_word' id='word_1_150' title='bbox 470 664 586 697; x_wconf 77' lang='lat' dir='ltr'>luminis</span> <span class='ocrx_word' id='word_1_151' title='bbox 614 669 659 697; x_wconf 85' lang='lat' dir='ltr'>axi</span> <span class='ocrx_word' id='word_1_152' title='bbox 679 666 834 708; x_wconf 87' lang='lat' dir='ltr'>crystallini</span> <span class='ocrx_word' id='word_1_153' title='bbox 857 667 1009 696; x_wconf 75' lang='lat' dir='ltr'>viciniores</span> <span class='ocrx_word' id='word_1_154' title='bbox 1039 663 1203 693; x_wconf 67' lang='lat' dir='ltr'>distin-stim</span> <span class='ocrx_word' id='word_1_155' title='bbox 1225 666 1315 705; x_wconf 74' lang='lat' dir='ltr'>magis</span> 
     </span>
     <span class='ocr_line' id='line_1_15' title="bbox 80 705 1316 753; baseline 0.003 -16"><span class='ocrx_word' id='word_1_156' title='bbox 80 708 220 750; x_wconf 59' lang='lat' dir='ltr'>pidkurarn</span> <span class='ocrx_word' id='word_1_157' title='bbox 236 711 264 739; x_wconf 86' lang='lat' dir='ltr'>in</span> <span class='ocrx_word' id='word_1_158' title='bbox 284 707 374 739; x_wconf 91' lang='lat' dir='ltr'>fundo</span> <span class='ocrx_word' id='word_1_159' title='bbox 392 708 468 740; x_wconf 83' lang='lat' dir='ltr'>oculi</span> <span class='ocrx_word' id='word_1_160' title='bbox 487 708 633 740; x_wconf 80' lang='lat' dir='ltr'>delincent</span> <span class='ocrx_word' id='word_1_161' title='bbox 659 723 665 741; x_wconf 90' lang='lat'><strong>:</strong></span> <span class='ocrx_word' id='word_1_162' title='bbox 687 721 752 740; x_wconf 90' lang='lat' dir='ltr'>cum</span> <span class='ocrx_word' id='word_1_163' title='bbox 771 713 801 740; x_wconf 93' lang='lat' dir='ltr'>in</span> <span class='ocrx_word' id='word_1_164' title='bbox 821 709 960 753; x_wconf 79' lang='lat' dir='ltr'>plerisque</span> <span class='ocrx_word' id='word_1_165' title='bbox 973 705 1163 737; x_wconf 61' lang='lat' dir='ltr'>animantibus</span> <span class='ocrx_word' id='word_1_166' title='bbox 1180 728 1190 741; x_wconf 75' lang='grc'><strong><em>&gt;</em></strong></span> <span class='ocrx_word' id='word_1_167' title='bbox 1211 706 1316 747; x_wconf 65' lang='lat' dir='ltr'>&lt;imbus</span> 
     </span>
     <span class='ocr_line' id='line_1_16' title="bbox 80 749 1316 796; baseline 0 -16"><span class='ocrx_word' id='word_1_168' title='bbox 80 749 237 781; x_wconf 77' lang='lat' dir='ltr'>choroi&#39;des</span> <span class='ocrx_word' id='word_1_169' title='bbox 255 750 318 782; x_wconf 88' lang='lat' dir='ltr'>alba</span> <span class='ocrx_word' id='word_1_170' title='bbox 337 752 375 782; x_wconf 83' lang='lat' dir='ltr'>est</span> <span class='ocrx_word' id='word_1_171' title='bbox 400 774 409 787; x_wconf 93' lang='lat'><em>,</em></span> <span class='ocrx_word' id='word_1_172' title='bbox 434 763 525 795; x_wconf 72' lang='lat' dir='ltr'>neque</span> <span class='ocrx_word' id='word_1_173' title='bbox 544 753 559 783; x_wconf 74' lang='grc' dir='ltr'>ἐι</span> <span class='ocrx_word' id='word_1_174' title='bbox 581 752 688 784; x_wconf 88' lang='lat' dir='ltr'>lumine</span> <span class='ocrx_word' id='word_1_175' title='bbox 711 755 749 783; x_wconf 90' lang='lat' dir='ltr'>ita</span> <span class='ocrx_word' id='word_1_176' title='bbox 769 751 931 796; x_wconf 80' lang='lat' dir='ltr'>percellitur</span> <span class='ocrx_word' id='word_1_177' title='bbox 946 774 953 787; x_wconf 87' lang='lat'><em>‚</em></span> <span class='ocrx_word' id='word_1_178' title='bbox 975 749 1082 794; x_wconf 44' lang='lat' dir='ltr'>pupilla</span> <span class='ocrx_word' id='word_1_179' title='bbox 1106 752 1193 790; x_wconf 61' lang='lat' dir='ltr'>magis</span> <span class='ocrx_word' id='word_1_180' title='bbox 1211 749 1316 780; x_wconf 80' lang='lat' dir='ltr'>dilate-</span> 
     </span>
     <span class='ocr_line' id='line_1_17' title="bbox 81 791 1316 840; baseline 0.001 -17"><span class='ocrx_word' id='word_1_181' title='bbox 81 804 148 828; x_wconf 83' lang='lat' dir='ltr'>tur,</span> <span class='ocrx_word' id='word_1_182' title='bbox 166 805 195 824; x_wconf 90' lang='lat' dir='ltr'>ut</span> <span class='ocrx_word' id='word_1_183' title='bbox 216 794 263 825; x_wconf 90' lang='lat' dir='ltr'>lux</span> <span class='ocrx_word' id='word_1_184' title='bbox 281 794 397 825; x_wconf 84' lang='lat' dir='ltr'>uberior</span> <span class='ocrx_word' id='word_1_185' title='bbox 418 795 454 825; x_wconf 86' lang='lat' dir='ltr'>ad</span> <span class='ocrx_word' id='word_1_186' title='bbox 470 796 641 827; x_wconf 64' lang='lat' dir='ltr'>ehoro&#39;i&#39;dem</span> <span class='ocrx_word' id='word_1_187' title='bbox 661 795 784 840; x_wconf 86' lang='lat' dir='ltr'>appellat</span> <span class='ocrx_word' id='word_1_188' title='bbox 798 818 807 831; x_wconf 89' lang='lat'>‚</span> <span class='ocrx_word' id='word_1_189' title='bbox 826 807 916 838; x_wconf 64' lang='lat' dir='ltr'>neque</span> <span class='ocrx_word' id='word_1_190' title='bbox 932 797 959 825; x_wconf 89' lang='lat' dir='ltr'>in</span> <span class='ocrx_word' id='word_1_191' title='bbox 982 797 1014 824; x_wconf 81' lang='lat' dir='ltr'>iis</span> <span class='ocrx_word' id='word_1_192' title='bbox 1037 791 1111 823; x_wconf 60' lang='lat' dir='ltr'>adro</span> <span class='ocrx_word' id='word_1_193' title='bbox 1134 793 1262 824; x_wconf 51' lang='lat' dir='ltr'>nistinsta</span> <span class='ocrx_word' id='word_1_194' title='bbox 1279 793 1316 824; x_wconf 57' lang='lat' dir='ltr'>ist</span> 
     </span>
     <span class='ocr_line' id='line_1_18' title="bbox 81 835 1316 878; baseline -0.001 -12"><span class='ocrx_word' id='word_1_195' title='bbox 81 835 164 867; x_wconf 74' lang='lat' dir='ltr'>visio.</span> <span class='ocrx_word' id='word_1_196' title='bbox 206 841 314 869; x_wconf 79' lang='lat' dir='ltr'>Verum</span> <span class='ocrx_word' id='word_1_197' title='bbox 333 849 361 869; x_wconf 70' lang='lat' dir='ltr'>ut</span> <span class='ocrx_word' id='word_1_198' title='bbox 385 838 450 868; x_wconf 78' lang='lat' dir='ltr'>huic</span> <span class='ocrx_word' id='word_1_199' title='bbox 473 838 598 870; x_wconf 30' lang='lat' dir='ltr'>defecti-21</span> <span class='ocrx_word' id='word_1_200' title='bbox 619 851 716 871; x_wconf 83' lang='lat' dir='ltr'>natura</span> <span class='ocrx_word' id='word_1_201' title='bbox 741 839 910 870; x_wconf 66' lang='lat' dir='ltr'>succurreret</span> <span class='ocrx_word' id='word_1_202' title='bbox 925 861 932 873; x_wconf 88' lang='lat'><em>,</em></span> <span class='ocrx_word' id='word_1_203' title='bbox 957 835 1150 878; x_wconf 59' lang='lat' dir='ltr'>cqstillinum</span> <span class='ocrx_word' id='word_1_204' title='bbox 1168 835 1316 866; x_wconf 60' lang='lat' dir='ltr'>‹lurssorem</span> 
     </span>
     <span class='ocr_line' id='line_1_19' title="bbox 83 879 1316 926; baseline 0.001 -17"><span class='ocrx_word' id='word_1_205' title='bbox 83 882 112 909; x_wconf 88' lang='lat' dir='ltr'>in</span> <span class='ocrx_word' id='word_1_206' title='bbox 133 880 229 911; x_wconf 88' lang='lat' dir='ltr'>medio</span> <span class='ocrx_word' id='word_1_207' title='bbox 254 884 371 923; x_wconf 74' lang='lat' dir='ltr'>majoris</span> <span class='ocrx_word' id='word_1_208' title='bbox 390 884 495 925; x_wconf 79' lang='lat' dir='ltr'>aptavit</span> <span class='ocrx_word' id='word_1_209' title='bbox 517 905 526 919; x_wconf 90' lang='lat'><em>,</em></span> <span class='ocrx_word' id='word_1_210' title='bbox 548 886 598 926; x_wconf 89' lang='lat' dir='ltr'>qui</span> <span class='ocrx_word' id='word_1_211' title='bbox 618 888 755 926; x_wconf 77' lang='lat' dir='ltr'>majorem</span> <span class='ocrx_word' id='word_1_212' title='bbox 781 881 982 914; x_wconf 64' lang='lat' dir='ltr'>refractionem</span> <span class='ocrx_word' id='word_1_213' title='bbox 1004 885 1034 913; x_wconf 68' lang='grc' dir='ltr'>ὅ(</span> <span class='ocrx_word' id='word_1_214' title='bbox 1053 882 1147 910; x_wconf 77' lang='lat' dir='ltr'>minus</span> <span class='ocrx_word' id='word_1_215' title='bbox 1168 879 1316 911; x_wconf 77' lang='lat' dir='ltr'>confusam</span> 
     </span>
     <span class='ocr_line' id='line_1_20' title="bbox 83 921 319 955; baseline 0.013 -3"><span class='ocrx_word' id='word_1_216' title='bbox 83 921 220 955; x_wconf 72' lang='lat' dir='ltr'>viliorem</span> <span class='ocrx_word' id='word_1_217' title='bbox 243 924 319 955; x_wconf 83' lang='lat' dir='ltr'>facit.</span> 
     </span>
    </p>

    <p class='ocr_par' dir='ltr' id='par_1_3' title="bbox 84 966 1317 1312">
     <span class='ocr_line' id='line_1_21' title="bbox 126 966 1316 1011; baseline -0.003 -13"><span class='ocrx_word' id='word_1_218' title='bbox 126 970 213 998; x_wconf 89' lang='lat' dir='ltr'>VlI.</span> <span class='ocrx_word' id='word_1_219' title='bbox 258 970 304 999; x_wconf 87' lang='lat' dir='ltr'>Sic</span> <span class='ocrx_word' id='word_1_220' title='bbox 329 971 358 998; x_wconf 89' lang='lat' dir='ltr'>in</span> <span class='ocrx_word' id='word_1_221' title='bbox 383 967 506 1011; x_wconf 62' lang='lat' dir='ltr'>pistibus</span> <span class='ocrx_word' id='word_1_222' title='bbox 525 967 632 1011; x_wconf 79' lang='lat' dir='ltr'>duplex</span> <span class='ocrx_word' id='word_1_223' title='bbox 656 969 694 999; x_wconf 86' lang='lat' dir='ltr'>est</span> <span class='ocrx_word' id='word_1_224' title='bbox 715 967 892 1010; x_wconf 82' lang='lat' dir='ltr'>crystallinus</span> <span class='ocrx_word' id='word_1_225' title='bbox 922 982 928 999; x_wconf 89' lang='lat'>:</span> <span class='ocrx_word' id='word_1_226' title='bbox 956 979 1022 998; x_wconf 88' lang='lat' dir='ltr'>cum</span> <span class='ocrx_word' id='word_1_227' title='bbox 1042 968 1119 996; x_wconf 89' lang='lat' dir='ltr'>enim</span> <span class='ocrx_word' id='word_1_228' title='bbox 1144 966 1190 995; x_wconf 87' lang='lat' dir='ltr'>hic</span> <span class='ocrx_word' id='word_1_229' title='bbox 1211 966 1316 995; x_wconf 83' lang='lat' dir='ltr'>humor</span> 
     </span>
     <span class='ocr_line' id='line_1_22' title="bbox 85 1008 1317 1053; baseline -0.001 -14"><span class='ocrx_word' id='word_1_230' title='bbox 85 1008 227 1052; x_wconf 74' lang='lat' dir='ltr'>sphaeiicae</span> <span class='ocrx_word' id='word_1_231' title='bbox 247 1010 278 1041; x_wconf 80' lang='lat' dir='ltr'>sit</span> <span class='ocrx_word' id='word_1_232' title='bbox 302 1010 399 1053; x_wconf 66' lang='lat' dir='ltr'>figurat</span> <span class='ocrx_word' id='word_1_233' title='bbox 414 1033 423 1047; x_wconf 95' lang='lat'>‚</span> <span class='ocrx_word' id='word_1_234' title='bbox 445 1011 523 1053; x_wconf 77' lang='lat' dir='ltr'>quod</span> <span class='ocrx_word' id='word_1_235' title='bbox 543 1012 613 1042; x_wconf 82' lang='lat' dir='ltr'>radii</span> <span class='ocrx_word' id='word_1_236' title='bbox 632 1012 747 1043; x_wconf 85' lang='lat' dir='ltr'>luminis</span> <span class='ocrx_word' id='word_1_237' title='bbox 773 1024 807 1042; x_wconf 86' lang='lat' dir='ltr'>cx</span> <span class='ocrx_word' id='word_1_238' title='bbox 827 1023 898 1053; x_wconf 84' lang='lat' dir='ltr'>aqua</span> <span class='ocrx_word' id='word_1_239' title='bbox 918 1014 946 1041; x_wconf 91' lang='lat' dir='ltr'>in</span> <span class='ocrx_word' id='word_1_240' title='bbox 972 1022 1038 1040; x_wconf 81' lang='lat' dir='ltr'>euni</span> <span class='ocrx_word' id='word_1_241' title='bbox 1063 1009 1214 1039; x_wconf 82' lang='lat' dir='ltr'>humorem</span> <span class='ocrx_word' id='word_1_242' title='bbox 1239 1019 1317 1038; x_wconf 79' lang='lat' dir='ltr'>tran-</span> 
     </span>
     <span class='ocr_line' id='line_1_23' title="bbox 85 1050 1317 1097; baseline -0.001 -15"><span class='ocrx_word' id='word_1_243' title='bbox 85 1053 194 1084; x_wconf 84' lang='lat' dir='ltr'>seuntes</span> <span class='ocrx_word' id='word_1_244' title='bbox 212 1065 268 1083; x_wconf 90' lang='lat' dir='ltr'>non</span> <span class='ocrx_word' id='word_1_245' title='bbox 292 1054 414 1084; x_wconf 88' lang='lat' dir='ltr'>multum</span> <span class='ocrx_word' id='word_1_246' title='bbox 438 1053 660 1097; x_wconf 77' lang='lat' dir='ltr'>infringerentur</span> <span class='ocrx_word' id='word_1_247' title='bbox 673 1077 682 1090; x_wconf 91' lang='lat'>‚</span> <span class='ocrx_word' id='word_1_248' title='bbox 703 1066 734 1084; x_wconf 88' lang='lat' dir='ltr'>ac</span> <span class='ocrx_word' id='word_1_249' title='bbox 749 1055 828 1085; x_wconf 77' lang='lat' dir='ltr'>focus</span> <span class='ocrx_word' id='word_1_250' title='bbox 846 1054 903 1097; x_wconf 81' lang='lat' dir='ltr'>ipse</span> <span class='ocrx_word' id='word_1_251' title='bbox 924 1053 1037 1095; x_wconf 77' lang='lat' dir='ltr'>longius</span> <span class='ocrx_word' id='word_1_252' title='bbox 1054 1063 1137 1092; x_wconf 87' lang='lat' dir='ltr'>quam</span> <span class='ocrx_word' id='word_1_253' title='bbox 1158 1063 1207 1093; x_wconf 87' lang='lat' dir='ltr'>par</span> <span class='ocrx_word' id='word_1_254' title='bbox 1230 1050 1317 1091; x_wconf 73' lang='lat' dir='ltr'>esset,</span> 
     </span>
     <span class='ocr_line' id='line_1_24' title="bbox 84 1095 1316 1140; baseline -0.001 -14"><span class='ocrx_word' id='word_1_255' title='bbox 84 1095 199 1127; x_wconf 74' lang='lat' dir='ltr'>distiret</span> <span class='ocrx_word' id='word_1_256' title='bbox 215 1119 223 1132; x_wconf 92' lang='lat'><em>,</em></span> <span class='ocrx_word' id='word_1_257' title='bbox 246 1096 265 1126; x_wconf 88' lang='lat' dir='ltr'>fi</span> <span class='ocrx_word' id='word_1_258' title='bbox 289 1096 484 1127; x_wconf 75' lang='lat' dir='ltr'>lenticularrm</span> <span class='ocrx_word' id='word_1_259' title='bbox 509 1096 628 1139; x_wconf 79' lang='lat' dir='ltr'>figuram</span> <span class='ocrx_word' id='word_1_260' title='bbox 642 1120 651 1132; x_wconf 86' lang='lat'><em>,</em></span> <span class='ocrx_word' id='word_1_261' title='bbox 674 1109 720 1128; x_wconf 84' lang='lat' dir='ltr'>aur</span> <span class='ocrx_word' id='word_1_262' title='bbox 738 1097 898 1140; x_wconf 77' lang='lat' dir='ltr'>planiorem</span> <span class='ocrx_word' id='word_1_263' title='bbox 920 1098 1017 1127; x_wconf 67' lang='lat' dir='ltr'>metus</span> <span class='ocrx_word' id='word_1_264' title='bbox 1031 1095 1098 1126; x_wconf 77' lang='lat' dir='ltr'>effer</span> <span class='ocrx_word' id='word_1_265' title='bbox 1120 1106 1128 1129; x_wconf 85' lang='grc'>·,</span> <span class='ocrx_word' id='word_1_266' title='bbox 1147 1095 1200 1124; x_wconf 88' lang='lat' dir='ltr'>hoc</span> <span class='ocrx_word' id='word_1_267' title='bbox 1221 1105 1316 1125; x_wconf 79' lang='lat' dir='ltr'>tamen</span> 
     </span>
     <span class='ocr_line' id='line_1_25' title="bbox 85 1138 1316 1183; baseline 0 -15"><span class='ocrx_word' id='word_1_268' title='bbox 85 1138 201 1170; x_wconf 84' lang='lat' dir='ltr'>haberet</span> <span class='ocrx_word' id='word_1_269' title='bbox 219 1141 397 1170; x_wconf 75' lang='lat' dir='ltr'>incommodi</span> <span class='ocrx_word' id='word_1_270' title='bbox 417 1139 506 1183; x_wconf 85' lang='lat' dir='ltr'>figura</span> <span class='ocrx_word' id='word_1_271' title='bbox 529 1140 663 1182; x_wconf 78' lang='lat' dir='ltr'>sphaerica</span> <span class='ocrx_word' id='word_1_272' title='bbox 681 1141 760 1182; x_wconf 87' lang='lat' dir='ltr'>quod</span> <span class='ocrx_word' id='word_1_273' title='bbox 781 1141 852 1171; x_wconf 86' lang='lat' dir='ltr'>radii</span> <span class='ocrx_word' id='word_1_274' title='bbox 874 1138 990 1170; x_wconf 69' lang='lat' dir='ltr'>refraffi</span> <span class='ocrx_word' id='word_1_275' title='bbox 1009 1150 1089 1168; x_wconf 84' lang='lat' dir='ltr'>axem</span> <span class='ocrx_word' id='word_1_276' title='bbox 1111 1140 1206 1167; x_wconf 81' lang='lat' dir='ltr'>minus</span> <span class='ocrx_word' id='word_1_277' title='bbox 1225 1148 1316 1179; x_wconf 70' lang='lat' dir='ltr'>atqua-</span> 
     </span>
     <span class='ocr_line' id='line_1_26' title="bbox 86 1179 1316 1227; baseline -0.001 -16"><span class='ocrx_word' id='word_1_278' title='bbox 86 1181 182 1213; x_wconf 85' lang='lat' dir='ltr'>bilirer</span> <span class='ocrx_word' id='word_1_279' title='bbox 202 1182 324 1213; x_wconf 81' lang='lat' dir='ltr'>secarent</span> <span class='ocrx_word' id='word_1_280' title='bbox 343 1206 353 1218; x_wconf 91' lang='lat'><em>‚</em></span> <span class='ocrx_word' id='word_1_281' title='bbox 379 1186 409 1214; x_wconf 85' lang='lat'>&amp;</span> <span class='ocrx_word' id='word_1_282' title='bbox 431 1182 548 1213; x_wconf 82' lang='lat' dir='ltr'>confusa</span> <span class='ocrx_word' id='word_1_283' title='bbox 564 1187 652 1226; x_wconf 80' lang='lat' dir='ltr'>magis</span> <span class='ocrx_word' id='word_1_284' title='bbox 672 1183 746 1214; x_wconf 85' lang='lat' dir='ltr'>foret</span> <span class='ocrx_word' id='word_1_285' title='bbox 762 1183 831 1214; x_wconf 71' lang='lat' dir='ltr'>vilio</span> <span class='ocrx_word' id='word_1_286' title='bbox 846 1195 932 1227; x_wconf 88' lang='lat' dir='ltr'>quarn</span> <span class='ocrx_word' id='word_1_287' title='bbox 953 1186 982 1213; x_wconf 90' lang='lat' dir='ltr'>in</span> <span class='ocrx_word' id='word_1_288' title='bbox 1002 1179 1194 1213; x_wconf 65' lang='lat' dir='ltr'>animantibus</span> <span class='ocrx_word' id='word_1_289' title='bbox 1209 1192 1271 1223; x_wconf 80' lang='lat' dir='ltr'>quae</span> <span class='ocrx_word' id='word_1_290' title='bbox 1286 1182 1316 1210; x_wconf 91' lang='lat' dir='ltr'>in</span> 
     </span>
     <span class='ocr_line' id='line_1_27' title="bbox 86 1224 1316 1268; baseline -0.001 -14"><span class='ocrx_word' id='word_1_291' title='bbox 86 1228 151 1255; x_wconf 65' lang='lat' dir='ltr'>aere</span> <span class='ocrx_word' id='word_1_292' title='bbox 170 1224 297 1268; x_wconf 81' lang='lat' dir='ltr'>degunt,</span> <span class='ocrx_word' id='word_1_293' title='bbox 323 1225 373 1256; x_wconf 85' lang='lat' dir='ltr'>nifi</span> <span class='ocrx_word' id='word_1_294' title='bbox 397 1228 532 1257; x_wconf 84' lang='lat' dir='ltr'>interiore</span> <span class='ocrx_word' id='word_1_295' title='bbox 557 1230 587 1257; x_wconf 73' lang='grc' dir='ltr'>δε</span> <span class='ocrx_word' id='word_1_296' title='bbox 611 1227 725 1257; x_wconf 81' lang='lat' dir='ltr'>duriore</span> <span class='ocrx_word' id='word_1_297' title='bbox 746 1227 908 1268; x_wconf 87' lang='lat' dir='ltr'>crystallino</span> <span class='ocrx_word' id='word_1_298' title='bbox 924 1225 1097 1256; x_wconf 82' lang='lat' dir='ltr'>donarentur</span> <span class='ocrx_word' id='word_1_299' title='bbox 1121 1227 1200 1265; x_wconf 80' lang='lat' dir='ltr'>cujus</span> <span class='ocrx_word' id='word_1_300' title='bbox 1224 1227 1316 1263; x_wconf 83' lang='lat' dir='ltr'>major</span> 
     </span>
     <span class='ocr_line' id='line_1_28' title="bbox 86 1267 1151 1312; baseline -0.001 -13"><span class='ocrx_word' id='word_1_301' title='bbox 86 1267 220 1299; x_wconf 68' lang='lat' dir='ltr'>refratstio</span> <span class='ocrx_word' id='word_1_302' title='bbox 237 1268 325 1299; x_wconf 86' lang='lat' dir='ltr'>efficit</span> <span class='ocrx_word' id='word_1_303' title='bbox 340 1280 371 1300; x_wconf 84' lang='lat' dir='ltr'>ut</span> <span class='ocrx_word' id='word_1_304' title='bbox 388 1269 458 1300; x_wconf 89' lang='lat' dir='ltr'>radii</span> <span class='ocrx_word' id='word_1_305' title='bbox 476 1272 591 1312; x_wconf 84' lang='lat' dir='ltr'>propius</span> <span class='ocrx_word' id='word_1_306' title='bbox 607 1282 688 1300; x_wconf 81' lang='lat' dir='ltr'>axem</span> <span class='ocrx_word' id='word_1_307' title='bbox 712 1268 876 1312; x_wconf 78' lang='lat' dir='ltr'>frangantur</span> <span class='ocrx_word' id='word_1_308' title='bbox 893 1274 922 1301; x_wconf 64' lang='grc' dir='ltr'>δέ</span> <span class='ocrx_word' id='word_1_309' title='bbox 940 1271 1021 1299; x_wconf 79' lang='lat' dir='ltr'>citius</span> <span class='ocrx_word' id='word_1_310' title='bbox 1038 1271 1151 1298; x_wconf 76' lang='lat' dir='ltr'>co‘e&#39;anr.</span> 
     </span>
    </p>

    <p class='ocr_par' dir='ltr' id='par_1_4' title="bbox 87 1309 1323 1923">
     <span class='ocr_line' id='line_1_29' title="bbox 132 1309 1317 1354; baseline -0.002 -12"><span class='ocrx_word' id='word_1_311' title='bbox 132 1314 157 1342; x_wconf 97' lang='lat' dir='ltr'>V</span> <span class='ocrx_word' id='word_1_312' title='bbox 170 1314 181 1341; x_wconf 95' lang='lat'><em>1</em></span> <span class='ocrx_word' id='word_1_313' title='bbox 194 1314 206 1342; x_wconf 94' lang='lat'>1</span> <span class='ocrx_word' id='word_1_314' title='bbox 219 1314 242 1343; x_wconf 89' lang='lat'>1.</span> <span class='ocrx_word' id='word_1_315' title='bbox 274 1316 383 1343; x_wconf 86' lang='lat' dir='ltr'>Verum</span> <span class='ocrx_word' id='word_1_316' title='bbox 407 1314 448 1343; x_wconf 87' lang='lat' dir='ltr'>his</span> <span class='ocrx_word' id='word_1_317' title='bbox 468 1317 497 1343; x_wconf 67' lang='grc' dir='ltr'>ὃ(</span> <span class='ocrx_word' id='word_1_318' title='bbox 517 1313 578 1344; x_wconf 87' lang='lat' dir='ltr'>aliis</span> <span class='ocrx_word' id='word_1_319' title='bbox 597 1312 707 1344; x_wconf 68' lang='lat' dir='ltr'>omiss&#39;is</span> <span class='ocrx_word' id='word_1_320' title='bbox 719 1314 758 1342; x_wconf 87' lang='lat' dir='ltr'>D.</span> <span class='ocrx_word' id='word_1_321' title='bbox 776 1315 916 1344; x_wconf 85' lang='lat' dir='ltr'>Mariotte</span> <span class='ocrx_word' id='word_1_322' title='bbox 933 1311 1072 1354; x_wconf 77' lang='lat' dir='ltr'>insignem</span> <span class='ocrx_word' id='word_1_323' title='bbox 1088 1309 1317 1341; x_wconf 74' lang='lat' dir='ltr'>observationem</span> 
     </span>
     <span class='ocr_line' id='line_1_30' title="bbox 87 1353 1318 1399; baseline -0.001 -14"><span class='ocrx_word' id='word_1_324' title='bbox 87 1353 204 1397; x_wconf 85' lang='lat' dir='ltr'>urgebat</span> <span class='ocrx_word' id='word_1_325' title='bbox 219 1377 227 1391; x_wconf 88' lang='lat'>‚</span> <span class='ocrx_word' id='word_1_326' title='bbox 246 1366 309 1398; x_wconf 75' lang='lat' dir='ltr'>qnae</span> <span class='ocrx_word' id='word_1_327' title='bbox 330 1355 450 1398; x_wconf 61' lang='lat' dir='ltr'>publiris</span> <span class='ocrx_word' id='word_1_328' title='bbox 461 1358 570 1399; x_wconf 70' lang='lat' dir='ltr'>scriptis</span> <span class='ocrx_word' id='word_1_329' title='bbox 587 1356 673 1388; x_wconf 78' lang='lat' dir='ltr'>fusius</span> <span class='ocrx_word' id='word_1_330' title='bbox 688 1356 742 1387; x_wconf 86' lang='lat' dir='ltr'>fuit</span> <span class='ocrx_word' id='word_1_331' title='bbox 756 1368 883 1387; x_wconf 83' lang='lat' dir='ltr'>enarrata</span> <span class='ocrx_word' id='word_1_332' title='bbox 912 1370 918 1387; x_wconf 71' lang='grc' dir='ltr'>ι</span> <span class='ocrx_word' id='word_1_333' title='bbox 940 1353 1098 1386; x_wconf 82' lang='lat' dir='ltr'>chartulam</span> <span class='ocrx_word' id='word_1_334' title='bbox 1114 1353 1209 1384; x_wconf 79' lang='lat' dir='ltr'>albam</span> <span class='ocrx_word' id='word_1_335' title='bbox 1226 1357 1255 1383; x_wconf 88' lang='lat' dir='ltr'>in</span> <span class='ocrx_word' id='word_1_336' title='bbox 1272 1357 1318 1383; x_wconf 87' lang='lat' dir='ltr'>ni-</span> 
     </span>
     <span class='ocr_line' id='line_1_31' title="bbox 87 1396 1319 1442; baseline -0.001 -15"><span class='ocrx_word' id='word_1_337' title='bbox 87 1408 140 1439; x_wconf 83' lang='lat' dir='ltr'>gro</span> <span class='ocrx_word' id='word_1_338' title='bbox 154 1397 245 1430; x_wconf 90' lang='lat' dir='ltr'>fundo</span> <span class='ocrx_word' id='word_1_339' title='bbox 258 1397 376 1442; x_wconf 75' lang='lat' dir='ltr'>positam</span> <span class='ocrx_word' id='word_1_340' title='bbox 389 1399 424 1430; x_wconf 83' lang='lat' dir='ltr'>ad</span> <span class='ocrx_word' id='word_1_341' title='bbox 437 1399 513 1429; x_wconf 84' lang='lat' dir='ltr'>oculi</span> <span class='ocrx_word' id='word_1_342' title='bbox 532 1399 715 1430; x_wconf 84' lang='lat' dir='ltr'>altitudinem</span> <span class='ocrx_word' id='word_1_343' title='bbox 733 1399 822 1431; x_wconf 79' lang='lat' dir='ltr'>affixit</span> <span class='ocrx_word' id='word_1_344' title='bbox 838 1422 846 1434; x_wconf 90' lang='lat'>,</span> <span class='ocrx_word' id='word_1_345' title='bbox 867 1411 897 1430; x_wconf 89' lang='lat' dir='ltr'>ut</span> <span class='ocrx_word' id='word_1_346' title='bbox 915 1402 944 1430; x_wconf 86' lang='lat' dir='ltr'>in</span> <span class='ocrx_word' id='word_1_347' title='bbox 957 1410 1019 1428; x_wconf 83' lang='lat' dir='ltr'>eam</span> <span class='ocrx_word' id='word_1_348' title='bbox 1036 1398 1110 1428; x_wconf 84' lang='lat' dir='ltr'>visus</span> <span class='ocrx_word' id='word_1_349' title='bbox 1123 1400 1195 1427; x_wconf 83' lang='lat' dir='ltr'>acies</span> <span class='ocrx_word' id='word_1_350' title='bbox 1211 1396 1319 1438; x_wconf 83' lang='lat' dir='ltr'>dirige-</span> 
     </span>
     <span class='ocr_line' id='line_1_32' title="bbox 89 1439 1317 1486; baseline -0.001 -16"><span class='ocrx_word' id='word_1_351' title='bbox 89 1451 166 1471; x_wconf 84' lang='lat' dir='ltr'>retur</span> <span class='ocrx_word' id='word_1_352' title='bbox 184 1453 193 1476; x_wconf 82' lang='lat'>3</span> <span class='ocrx_word' id='word_1_353' title='bbox 214 1441 330 1472; x_wconf 86' lang='lat' dir='ltr'>alteram</span> <span class='ocrx_word' id='word_1_354' title='bbox 348 1441 461 1473; x_wconf 84' lang='lat' dir='ltr'>duobus</span> <span class='ocrx_word' id='word_1_355' title='bbox 477 1454 523 1473; x_wconf 88' lang='lat' dir='ltr'>aut</span> <span class='ocrx_word' id='word_1_356' title='bbox 541 1445 653 1473; x_wconf 87' lang='lat' dir='ltr'>circiter</span> <span class='ocrx_word' id='word_1_357' title='bbox 678 1442 796 1484; x_wconf 86' lang='lat' dir='ltr'>pedibus</span> <span class='ocrx_word' id='word_1_358' title='bbox 820 1442 835 1471; x_wconf 68' lang='lat' dir='ltr'>a</span> <span class='ocrx_word' id='word_1_359' title='bbox 848 1445 936 1486; x_wconf 85' lang='lat' dir='ltr'>priori</span> <span class='ocrx_word' id='word_1_360' title='bbox 956 1452 1093 1471; x_wconf 79' lang='lat' dir='ltr'>remoram</span> <span class='ocrx_word' id='word_1_361' title='bbox 1114 1440 1149 1470; x_wconf 90' lang='lat' dir='ltr'>ad</span> <span class='ocrx_word' id='word_1_362' title='bbox 1171 1439 1317 1470; x_wconf 83' lang='lat' dir='ltr'>dexteram</span> 
     </span>
     <span class='ocr_line' id='line_1_33' title="bbox 88 1482 1318 1526; baseline -0.002 -13"><span class='ocrx_word' id='word_1_363' title='bbox 88 1482 227 1515; x_wconf 87' lang='lat' dir='ltr'>collocari</span> <span class='ocrx_word' id='word_1_364' title='bbox 245 1483 332 1526; x_wconf 69' lang='lat' dir='ltr'>jussit.</span> <span class='ocrx_word' id='word_1_365' title='bbox 358 1485 465 1516; x_wconf 83' lang='lat' dir='ltr'>Clauso</span> <span class='ocrx_word' id='word_1_366' title='bbox 486 1489 601 1516; x_wconf 86' lang='lat' dir='ltr'>interim</span> <span class='ocrx_word' id='word_1_367' title='bbox 620 1485 728 1516; x_wconf 76' lang='lat' dir='ltr'>sinistro</span> <span class='ocrx_word' id='word_1_368' title='bbox 744 1486 829 1517; x_wconf 91' lang='lat' dir='ltr'>oculo</span> <span class='ocrx_word' id='word_1_369' title='bbox 843 1508 852 1521; x_wconf 94' lang='lat'>‚</span> <span class='ocrx_word' id='word_1_370' title='bbox 874 1489 903 1516; x_wconf 85' lang='lat'>&amp;</span> <span class='ocrx_word' id='word_1_371' title='bbox 922 1485 1022 1515; x_wconf 82' lang='lat' dir='ltr'>dextro</span> <span class='ocrx_word' id='word_1_372' title='bbox 1038 1483 1073 1513; x_wconf 82' lang='lat' dir='ltr'>ad</span> <span class='ocrx_word' id='word_1_373' title='bbox 1096 1485 1219 1525; x_wconf 86' lang='lat' dir='ltr'>priorem</span> <span class='ocrx_word' id='word_1_374' title='bbox 1234 1483 1318 1512; x_wconf 87' lang='lat' dir='ltr'>char-</span> 
     </span>
     <span class='ocr_line' id='line_1_34' title="bbox 90 1525 1319 1572; baseline -0.002 -15"><span class='ocrx_word' id='word_1_375' title='bbox 90 1525 179 1557; x_wconf 87' lang='lat' dir='ltr'>tulam</span> <span class='ocrx_word' id='word_1_376' title='bbox 198 1527 295 1558; x_wconf 87' lang='lat' dir='ltr'>defixo</span> <span class='ocrx_word' id='word_1_377' title='bbox 311 1528 445 1572; x_wconf 77' lang='lat' dir='ltr'>paulatim</span> <span class='ocrx_word' id='word_1_378' title='bbox 471 1529 612 1559; x_wconf 82' lang='lat' dir='ltr'>recedenti</span> <span class='ocrx_word' id='word_1_379' title='bbox 636 1529 670 1560; x_wconf 85' lang='lat' dir='ltr'>ad</span> <span class='ocrx_word' id='word_1_380' title='bbox 694 1542 723 1568; x_wconf 83' lang='lat'>9.</span> <span class='ocrx_word' id='word_1_381' title='bbox 749 1530 834 1571; x_wconf 85' lang='lat' dir='ltr'>usque</span> <span class='ocrx_word' id='word_1_382' title='bbox 854 1528 939 1572; x_wconf 84' lang='lat' dir='ltr'>pedes</span> <span class='ocrx_word' id='word_1_383' title='bbox 954 1554 962 1566; x_wconf 86' lang='lat'><strong><em>,</em></strong></span> <span class='ocrx_word' id='word_1_384' title='bbox 985 1538 1045 1557; x_wconf 85' lang='lat' dir='ltr'>turn</span> <span class='ocrx_word' id='word_1_385' title='bbox 1070 1526 1206 1569; x_wconf 79' lang='lat' dir='ltr'>posterior</span> <span class='ocrx_word' id='word_1_386' title='bbox 1221 1526 1319 1556; x_wconf 87' lang='lat' dir='ltr'>charta</span> 
     </span>
     <span class='ocr_line' id='line_1_35' title="bbox 91 1568 1320 1615; baseline -0.001 -15"><span class='ocrx_word' id='word_1_387' title='bbox 91 1568 141 1600; x_wconf 87' lang='lat' dir='ltr'>sub</span> <span class='ocrx_word' id='word_1_388' title='bbox 159 1570 292 1602; x_wconf 86' lang='lat' dir='ltr'>obtutum</span> <span class='ocrx_word' id='word_1_389' title='bbox 312 1582 370 1602; x_wconf 89' lang='lat' dir='ltr'>non</span> <span class='ocrx_word' id='word_1_390' title='bbox 391 1575 490 1607; x_wconf 86' lang='lat' dir='ltr'>venir,</span> <span class='ocrx_word' id='word_1_391' title='bbox 513 1571 586 1615; x_wconf 68' lang='lat' dir='ltr'>qnasi</span> <span class='ocrx_word' id='word_1_392' title='bbox 608 1571 744 1603; x_wconf 55' lang='lat' dir='ltr'>subdueia</span> <span class='ocrx_word' id='word_1_393' title='bbox 763 1571 854 1603; x_wconf 72' lang='lat' dir='ltr'>fuisset</span> <span class='ocrx_word' id='word_1_394' title='bbox 867 1597 875 1607; x_wconf 90' lang='lat'><em>‚</em></span> <span class='ocrx_word' id='word_1_395' title='bbox 899 1582 964 1601; x_wconf 89' lang='lat' dir='ltr'>cum</span> <span class='ocrx_word' id='word_1_396' title='bbox 985 1581 1027 1600; x_wconf 85' lang='lat' dir='ltr'>tes</span> <span class='ocrx_word' id='word_1_397' title='bbox 1040 1571 1229 1610; x_wconf 59' lang='lat' dir='ltr'>circumjcc‘tae</span> <span class='ocrx_word' id='word_1_398' title='bbox 1253 1568 1320 1599; x_wconf 89' lang='lat' dir='ltr'>hinc</span> 
     </span>
     <span class='ocr_line' id='line_1_36' title="bbox 92 1611 1319 1658; baseline -0.001 -16"><span class='ocrx_word' id='word_1_399' title='bbox 92 1612 158 1644; x_wconf 89' lang='lat' dir='ltr'>inde</span> <span class='ocrx_word' id='word_1_400' title='bbox 171 1613 337 1645; x_wconf 78' lang='lat' dir='ltr'>viderentur</span> <span class='ocrx_word' id='word_1_401' title='bbox 367 1628 373 1646; x_wconf 82' lang='lat' dir='ltr'>z</span> <span class='ocrx_word' id='word_1_402' title='bbox 402 1615 480 1657; x_wconf 85' lang='lat' dir='ltr'>quod</span> <span class='ocrx_word' id='word_1_403' title='bbox 500 1614 713 1658; x_wconf 77' lang='lat' dir='ltr'>locusiinaginis</span> <span class='ocrx_word' id='word_1_404' title='bbox 733 1618 763 1645; x_wconf 89' lang='lat' dir='ltr'>in</span> <span class='ocrx_word' id='word_1_405' title='bbox 787 1614 843 1646; x_wconf 82' lang='lat' dir='ltr'>basi</span> <span class='ocrx_word' id='word_1_406' title='bbox 865 1618 944 1645; x_wconf 87' lang='lat' dir='ltr'>nervi</span> <span class='ocrx_word' id='word_1_407' title='bbox 963 1616 1051 1656; x_wconf 86' lang='lat' dir='ltr'>optici</span> <span class='ocrx_word' id='word_1_408' title='bbox 1064 1638 1072 1647; x_wconf 87' lang='lat'><em>,</em></span> <span class='ocrx_word' id='word_1_409' title='bbox 1093 1612 1141 1642; x_wconf 89' lang='lat' dir='ltr'>ubi</span> <span class='ocrx_word' id='word_1_410' title='bbox 1161 1611 1319 1642; x_wconf 86' lang='lat' dir='ltr'>choro&#39;i&#39;des</span> 
     </span>
     <span class='ocr_line' id='line_1_37' title="bbox 91 1654 1320 1702; baseline -0.001 -17"><span class='ocrx_word' id='word_1_411' title='bbox 91 1654 190 1687; x_wconf 85' lang='lat' dir='ltr'>deficit</span> <span class='ocrx_word' id='word_1_412' title='bbox 203 1682 211 1695; x_wconf 85' lang='lat'><em>,</em></span> <span class='ocrx_word' id='word_1_413' title='bbox 225 1656 493 1693; x_wconf 62' lang='lat' dir='ltr'>nulluscffetmulla.</span> <span class='ocrx_word' id='word_1_414' title='bbox 504 1658 575 1688; x_wconf 71' lang='lat' dir='ltr'>adeo</span> <span class='ocrx_word' id='word_1_415' title='bbox 587 1663 624 1689; x_wconf 72' lang='lat' dir='ltr'>rei</span> <span class='ocrx_word' id='word_1_416' title='bbox 641 1658 760 1702; x_wconf 65' lang='lat' dir='ltr'>objetflae</span> <span class='ocrx_word' id='word_1_417' title='bbox 776 1658 877 1702; x_wconf 80' lang='lat' dir='ltr'>species</span> <span class='ocrx_word' id='word_1_418' title='bbox 891 1672 896 1689; x_wconf 95' lang='lat'>:</span> <span class='ocrx_word' id='word_1_419' title='bbox 913 1657 999 1701; x_wconf 75' lang='lat' dir='ltr'>potio</span> <span class='ocrx_word' id='word_1_420' title='bbox 1017 1656 1065 1686; x_wconf 86' lang='lat' dir='ltr'>illa</span> <span class='ocrx_word' id='word_1_421' title='bbox 1077 1654 1205 1686; x_wconf 64' lang='lat' dir='ltr'>distantia</span> <span class='ocrx_word' id='word_1_422' title='bbox 1216 1656 1320 1685; x_wconf 76' lang='lat' dir='ltr'>charta:</span> 
     </span>
     <span class='ocr_line' id='line_1_38' title="bbox 91 1698 1322 1744; baseline -0.001 -15"><span class='ocrx_word' id='word_1_423' title='bbox 91 1698 127 1729; x_wconf 71' lang='lat' dir='ltr'>ab</span> <span class='ocrx_word' id='word_1_424' title='bbox 145 1699 231 1730; x_wconf 91' lang='lat' dir='ltr'>oculo</span> <span class='ocrx_word' id='word_1_425' title='bbox 252 1701 402 1744; x_wconf 87' lang='lat' dir='ltr'>respondet</span> <span class='ocrx_word' id='word_1_426' title='bbox 421 1701 558 1732; x_wconf 73' lang='lat' dir='ltr'>distantia:</span> <span class='ocrx_word' id='word_1_427' title='bbox 579 1706 667 1734; x_wconf 86' lang='lat' dir='ltr'>centri</span> <span class='ocrx_word' id='word_1_428' title='bbox 686 1703 800 1733; x_wconf 85' lang='lat' dir='ltr'>visionis</span> <span class='ocrx_word' id='word_1_429' title='bbox 815 1702 831 1732; x_wconf 71' lang='grc' dir='ltr'>ἐι</span> <span class='ocrx_word' id='word_1_430' title='bbox 851 1700 906 1732; x_wconf 87' lang='lat' dir='ltr'>bafi</span> <span class='ocrx_word' id='word_1_431' title='bbox 922 1703 1002 1730; x_wconf 87' lang='lat' dir='ltr'>nervi</span> <span class='ocrx_word' id='word_1_432' title='bbox 1019 1701 1107 1743; x_wconf 87' lang='lat' dir='ltr'>optici</span> <span class='ocrx_word' id='word_1_433' title='bbox 1129 1709 1196 1729; x_wconf 87' lang='lat' dir='ltr'>cum</span> <span class='ocrx_word' id='word_1_434' title='bbox 1220 1698 1322 1728; x_wconf 75' lang='lat' dir='ltr'>eadem</span> 
     </span>
     <span class='ocr_line' id='line_1_39' title="bbox 92 1740 1322 1787; baseline -0.001 -16"><span class='ocrx_word' id='word_1_435' title='bbox 92 1740 150 1772; x_wconf 84' lang='lat' dir='ltr'>basi</span> <span class='ocrx_word' id='word_1_436' title='bbox 172 1754 340 1787; x_wconf 72' lang='lat' dir='ltr'>comparata:</span> <span class='ocrx_word' id='word_1_437' title='bbox 363 1767 372 1780; x_wconf 91' lang='lat'><em>‚</em></span> <span class='ocrx_word' id='word_1_438' title='bbox 397 1744 549 1787; x_wconf 86' lang='lat' dir='ltr'>utrobique</span> <span class='ocrx_word' id='word_1_439' title='bbox 568 1748 644 1776; x_wconf 87' lang='lat' dir='ltr'>enim</span> <span class='ocrx_word' id='word_1_440' title='bbox 667 1746 704 1775; x_wconf 87' lang='lat' dir='ltr'>est</span> <span class='ocrx_word' id='word_1_441' title='bbox 727 1746 786 1776; x_wconf 67' lang='lat' dir='ltr'>fere»</span> <span class='ocrx_word' id='word_1_442' title='bbox 811 1744 910 1776; x_wconf 82' lang='lat' dir='ltr'>eadem</span> <span class='ocrx_word' id='word_1_443' title='bbox 931 1745 1079 1786; x_wconf 85' lang='lat' dir='ltr'>proportio</span> <span class='ocrx_word' id='word_1_444' title='bbox 1095 1764 1105 1777; x_wconf 92' lang='lat'><em>‚</em></span> <span class='ocrx_word' id='word_1_445' title='bbox 1130 1742 1185 1771; x_wconf 91' lang='lat' dir='ltr'>hoc</span> <span class='ocrx_word' id='word_1_446' title='bbox 1211 1742 1248 1770; x_wconf 80' lang='lat' dir='ltr'>est</span> <span class='ocrx_word' id='word_1_447' title='bbox 1266 1763 1274 1776; x_wconf 84' lang='lat'>,</span> <span class='ocrx_word' id='word_1_448' title='bbox 1303 1740 1322 1771; x_wconf 78' lang='lat' dir='ltr'>si</span> 
     </span>
     <span class='ocr_line' id='line_1_40' title="bbox 93 1783 1321 1832; baseline 0 -18"><span class='ocrx_word' id='word_1_449' title='bbox 93 1783 228 1816; x_wconf 84' lang='lat' dir='ltr'>diameter</span> <span class='ocrx_word' id='word_1_450' title='bbox 246 1786 346 1818; x_wconf 86' lang='lat' dir='ltr'>circuli</span> <span class='ocrx_word' id='word_1_451' title='bbox 361 1788 500 1818; x_wconf 86' lang='lat' dir='ltr'>chartacei</span> <span class='ocrx_word' id='word_1_452' title='bbox 516 1787 547 1818; x_wconf 81' lang='lat' dir='ltr'>sit</span> <span class='ocrx_word' id='word_1_453' title='bbox 569 1787 627 1818; x_wconf 73' lang='lat' dir='ltr'>fere</span> <span class='ocrx_word' id='word_1_454' title='bbox 648 1800 709 1832; x_wconf 72' lang='lat' dir='ltr'>pars</span> <span class='ocrx_word' id='word_1_455' title='bbox 729 1789 842 1819; x_wconf 86' lang='lat' dir='ltr'>decima</span> <span class='ocrx_word' id='word_1_456' title='bbox 858 1788 994 1818; x_wconf 81' lang='lat' dir='ltr'>distantiae</span> <span class='ocrx_word' id='word_1_457' title='bbox 1010 1784 1086 1816; x_wconf 87' lang='lat' dir='ltr'>oculi</span> <span class='ocrx_word' id='word_1_458' title='bbox 1102 1784 1118 1814; x_wconf 74' lang='lat' dir='ltr'>a</span> <span class='ocrx_word' id='word_1_459' title='bbox 1133 1785 1229 1815; x_wconf 84' lang='lat' dir='ltr'>charta</span> <span class='ocrx_word' id='word_1_460' title='bbox 1254 1807 1263 1820; x_wconf 94' lang='lat'><strong><em>,</em></strong></span> <span class='ocrx_word' id='word_1_461' title='bbox 1285 1787 1321 1814; x_wconf 84' lang='lat' dir='ltr'>ita</span> 
     </span>
     <span class='ocr_line' id='line_1_41' title="bbox 94 1827 1323 1875; baseline 0 -18"><span class='ocrx_word' id='word_1_462' title='bbox 94 1838 223 1859; x_wconf 85' lang='lat' dir='ltr'>centrum</span> <span class='ocrx_word' id='word_1_463' title='bbox 241 1830 356 1862; x_wconf 83' lang='lat' dir='ltr'>visionis</span> <span class='ocrx_word' id='word_1_464' title='bbox 370 1853 379 1867; x_wconf 92' lang='lat'><em>,</em></span> <span class='ocrx_word' id='word_1_465' title='bbox 402 1830 481 1873; x_wconf 90' lang='lat' dir='ltr'>quod</span> <span class='ocrx_word' id='word_1_466' title='bbox 499 1830 514 1860; x_wconf 75' lang='lat' dir='ltr'>a</span> <span class='ocrx_word' id='word_1_467' title='bbox 533 1830 591 1862; x_wconf 84' lang='lat' dir='ltr'>basi</span> <span class='ocrx_word' id='word_1_468' title='bbox 612 1835 692 1863; x_wconf 86' lang='lat' dir='ltr'>nervi</span> <span class='ocrx_word' id='word_1_469' title='bbox 710 1835 799 1875; x_wconf 86' lang='lat' dir='ltr'>oprici</span> <span class='ocrx_word' id='word_1_470' title='bbox 819 1843 838 1867; x_wconf 91' lang='lat'><strong>7</strong></span> <span class='ocrx_word' id='word_1_471' title='bbox 859 1842 906 1861; x_wconf 87' lang='lat' dir='ltr'>aut</span> <span class='ocrx_word' id='word_1_472' title='bbox 918 1833 1029 1860; x_wconf 88' lang='lat' dir='ltr'>circiter</span> <span class='ocrx_word' id='word_1_473' title='bbox 1047 1827 1127 1858; x_wconf 87' lang='lat' dir='ltr'>lineis</span> <span class='ocrx_word' id='word_1_474' title='bbox 1145 1828 1248 1862; x_wconf 84' lang='lat' dir='ltr'>distat,</span> <span class='ocrx_word' id='word_1_475' title='bbox 1271 1827 1323 1858; x_wconf 87' lang='lat' dir='ltr'>de-</span> 
     </span>
     <span class='ocr_line' id='line_1_42' title="bbox 94 1874 1222 1923; baseline 0 -19"><span class='ocrx_word' id='word_1_476' title='bbox 94 1876 151 1906; x_wconf 86' lang='lat' dir='ltr'>cies</span> <span class='ocrx_word' id='word_1_477' title='bbox 168 1874 227 1906; x_wconf 63' lang='lat' dir='ltr'>fere</span> <span class='ocrx_word' id='word_1_478' title='bbox 242 1880 369 1909; x_wconf 87' lang='lat' dir='ltr'>continet</span> <span class='ocrx_word' id='word_1_479' title='bbox 381 1877 556 1910; x_wconf 81' lang='lat' dir='ltr'>diametrum</span> <span class='ocrx_word' id='word_1_480' title='bbox 569 1878 639 1909; x_wconf 81' lang='lat' dir='ltr'>basis</span> <span class='ocrx_word' id='word_1_481' title='bbox 659 1882 739 1910; x_wconf 87' lang='lat' dir='ltr'>nervi</span> <span class='ocrx_word' id='word_1_482' title='bbox 757 1881 844 1922; x_wconf 85' lang='lat' dir='ltr'>optici</span> <span class='ocrx_word' id='word_1_483' title='bbox 858 1901 867 1913; x_wconf 91' lang='lat'>,</span> <span class='ocrx_word' id='word_1_484' title='bbox 884 1877 987 1921; x_wconf 72' lang='lat' dir='ltr'>nempe</span> <span class='ocrx_word' id='word_1_485' title='bbox 1003 1876 1022 1923; x_wconf 56' lang='grc' dir='ltr'>Ξ</span> <span class='ocrx_word' id='word_1_486' title='bbox 1037 1878 1119 1906; x_wconf 88' lang='lat' dir='ltr'>unius</span> <span class='ocrx_word' id='word_1_487' title='bbox 1131 1874 1222 1904; x_wconf 75' lang='lat' dir='ltr'>lineoe.</span> 
     </span>
    </p>

    <p class='ocr_par' dir='ltr' id='par_1_5' title="bbox 96 1922 1323 2143">
     <span class='ocr_line' id='line_1_43' title="bbox 138 1922 1321 1968; baseline -0.003 -15"><span class='ocrx_word' id='word_1_488' title='bbox 138 1924 234 1964; x_wconf 70' lang='lat' dir='ltr'>Qare</span> <span class='ocrx_word' id='word_1_489' title='bbox 250 1923 307 1954; x_wconf 85' lang='lat' dir='ltr'>duo</span> <span class='ocrx_word' id='word_1_490' title='bbox 328 1923 401 1955; x_wconf 83' lang='lat' dir='ltr'>fiunt</span> <span class='ocrx_word' id='word_1_491' title='bbox 419 1924 560 1968; x_wconf 78' lang='lat' dir='ltr'>triangula</span> <span class='ocrx_word' id='word_1_492' title='bbox 581 1924 633 1957; x_wconf 84' lang='lat' dir='ltr'>sibi</span> <span class='ocrx_word' id='word_1_493' title='bbox 655 1929 780 1958; x_wconf 84' lang='lat' dir='ltr'>invicem</span> <span class='ocrx_word' id='word_1_494' title='bbox 801 1925 900 1956; x_wconf 78' lang='lat' dir='ltr'>similia</span> <span class='ocrx_word' id='word_1_495' title='bbox 914 1947 923 1960; x_wconf 94' lang='lat'><em>‚</em></span> <span class='ocrx_word' id='word_1_496' title='bbox 949 1928 978 1955; x_wconf 70' lang='grc' dir='ltr'>ὅ(</span> <span class='ocrx_word' id='word_1_497' title='bbox 1012 1922 1186 1966; x_wconf 71' lang='lat' dir='ltr'>aequiangula</span> <span class='ocrx_word' id='word_1_498' title='bbox 1211 1933 1218 1955; x_wconf 74' lang='lat'>3</span> <span class='ocrx_word' id='word_1_499' title='bbox 1240 1923 1321 1950; x_wconf 75' lang='lat' dir='ltr'>unius</span> 
     </span>
     <span class='ocr_line' id='line_1_44' title="bbox 97 1963 1323 2013; baseline -0.002 -18"><span class='ocrx_word' id='word_1_500' title='bbox 97 1977 165 2008; x_wconf 83' lang='lat' dir='ltr'>apex</span> <span class='ocrx_word' id='word_1_501' title='bbox 179 1966 216 1996; x_wconf 88' lang='lat' dir='ltr'>est</span> <span class='ocrx_word' id='word_1_502' title='bbox 236 1969 265 1996; x_wconf 89' lang='lat' dir='ltr'>in</span> <span class='ocrx_word' id='word_1_503' title='bbox 283 1966 388 2002; x_wconf 85' lang='lat' dir='ltr'>oculo,</span> <span class='ocrx_word' id='word_1_504' title='bbox 401 1968 472 2000; x_wconf 87' lang='lat' dir='ltr'>basis</span> <span class='ocrx_word' id='word_1_505' title='bbox 484 1972 513 1999; x_wconf 91' lang='lat' dir='ltr'>in</span> <span class='ocrx_word' id='word_1_506' title='bbox 534 1969 603 1999; x_wconf 88' lang='lat' dir='ltr'>orbe</span> <span class='ocrx_word' id='word_1_507' title='bbox 616 1969 764 2001; x_wconf 81' lang='lat' dir='ltr'>chartaceo</span> <span class='ocrx_word' id='word_1_508' title='bbox 779 1969 946 2013; x_wconf 75' lang='lat' dir='ltr'>posteriori,</span> <span class='ocrx_word' id='word_1_509' title='bbox 965 1966 1079 1998; x_wconf 83' lang='lat' dir='ltr'>alterius</span> <span class='ocrx_word' id='word_1_510' title='bbox 1101 1963 1234 2007; x_wconf 80' lang='lat' dir='ltr'>trianguli</span> <span class='ocrx_word' id='word_1_511' title='bbox 1252 1974 1323 2005; x_wconf 82' lang='lat' dir='ltr'>apex</span> 
     </span>
     <span class='ocr_line' id='line_1_45' title="bbox 96 2009 1323 2053; baseline -0.002 -15"><span class='ocrx_word' id='word_1_512' title='bbox 96 2009 134 2039; x_wconf 82' lang='lat' dir='ltr'>est</span> <span class='ocrx_word' id='word_1_513' title='bbox 158 2012 187 2040; x_wconf 89' lang='lat' dir='ltr'>in</span> <span class='ocrx_word' id='word_1_514' title='bbox 207 2020 306 2040; x_wconf 89' lang='lat' dir='ltr'>centro</span> <span class='ocrx_word' id='word_1_515' title='bbox 324 2009 440 2042; x_wconf 80' lang='lat' dir='ltr'>visionis</span> <span class='ocrx_word' id='word_1_516' title='bbox 455 2037 463 2048; x_wconf 93' lang='lat'><em>‚</em></span> <span class='ocrx_word' id='word_1_517' title='bbox 485 2010 555 2043; x_wconf 63' lang='lat' dir='ltr'>bilis</span> <span class='ocrx_word' id='word_1_518' title='bbox 581 2016 609 2044; x_wconf 89' lang='lat' dir='ltr'>in</span> <span class='ocrx_word' id='word_1_519' title='bbox 631 2012 771 2045; x_wconf 80' lang='lat' dir='ltr'>diametro</span> <span class='ocrx_word' id='word_1_520' title='bbox 793 2016 873 2045; x_wconf 89' lang='lat' dir='ltr'>nervi</span> <span class='ocrx_word' id='word_1_521' title='bbox 886 2013 984 2053; x_wconf 77' lang='lat' dir='ltr'>optici.</span> <span class='ocrx_word' id='word_1_522' title='bbox 1014 2011 1091 2042; x_wconf 85' lang='lat' dir='ltr'>Cum</span> <span class='ocrx_word' id='word_1_523' title='bbox 1112 2019 1205 2039; x_wconf 78' lang='lat' dir='ltr'>aurern</span> <span class='ocrx_word' id='word_1_524' title='bbox 1228 2009 1323 2048; x_wconf 82' lang='lat' dir='ltr'>imago</span> 
     </span>
     <span class='ocr_line' id='line_1_46' title="bbox 97 2051 1322 2100; baseline 0.002 -19"><span class='ocrx_word' id='word_1_525' title='bbox 97 2051 196 2083; x_wconf 87' lang='lat' dir='ltr'>circuli</span> <span class='ocrx_word' id='word_1_526' title='bbox 213 2053 352 2084; x_wconf 83' lang='lat' dir='ltr'>chartacei</span> <span class='ocrx_word' id='word_1_527' title='bbox 373 2057 401 2084; x_wconf 91' lang='lat' dir='ltr'>in</span> <span class='ocrx_word' id='word_1_528' title='bbox 425 2053 511 2086; x_wconf 73' lang='lat' dir='ltr'>basim</span> <span class='ocrx_word' id='word_1_529' title='bbox 531 2059 611 2087; x_wconf 77' lang='lat' dir='ltr'>nervi</span> <span class='ocrx_word' id='word_1_530' title='bbox 640 2061 729 2100; x_wconf 81' lang='lat' dir='ltr'>optici</span> <span class='ocrx_word' id='word_1_531' title='bbox 755 2056 855 2086; x_wconf 87' lang='lat' dir='ltr'>incidit</span> <span class='ocrx_word' id='word_1_532' title='bbox 873 2082 880 2092; x_wconf 91' lang='lat'><em>,</em></span> <span class='ocrx_word' id='word_1_533' title='bbox 903 2055 1037 2095; x_wconf 73' lang='lat' dir='ltr'>illamque</span> <span class='ocrx_word' id='word_1_534' title='bbox 1068 2056 1205 2094; x_wconf 78' lang='lat' dir='ltr'>integram</span> <span class='ocrx_word' id='word_1_535' title='bbox 1232 2052 1322 2091; x_wconf 75' lang='lat' dir='ltr'>tegit,</span> 
     </span>
     <span class='ocr_line' id='line_1_47' title="bbox 98 2091 1323 2143; baseline -0.002 -18"><span class='ocrx_word' id='word_1_536' title='bbox 98 2093 174 2128; x_wconf 86' lang='lat' dir='ltr'>illius</span> <span class='ocrx_word' id='word_1_537' title='bbox 201 2099 333 2140; x_wconf 78' lang='lat' dir='ltr'>imaginis</span> <span class='ocrx_word' id='word_1_538' title='bbox 359 2097 454 2130; x_wconf 85' lang='lat' dir='ltr'>nullus</span> <span class='ocrx_word' id='word_1_539' title='bbox 474 2099 513 2130; x_wconf 90' lang='lat' dir='ltr'>est</span> <span class='ocrx_word' id='word_1_540' title='bbox 539 2098 632 2130; x_wconf 81' lang='lat' dir='ltr'>sensus</span> <span class='ocrx_word' id='word_1_541' title='bbox 651 2122 661 2136; x_wconf 91' lang='lat'><em>‚</em></span> <span class='ocrx_word' id='word_1_542' title='bbox 693 2098 772 2133; x_wconf 84' lang='lat' dir='ltr'>nulla</span> <span class='ocrx_word' id='word_1_543' title='bbox 796 2097 950 2143; x_wconf 82' lang='lat' dir='ltr'>impressio.</span> <span class='ocrx_word' id='word_1_544' title='bbox 985 2100 1025 2128; x_wconf 81' lang='lat' dir='ltr'>Ex</span> <span class='ocrx_word' id='word_1_545' title='bbox 1050 2106 1109 2138; x_wconf 82' lang='lat' dir='ltr'>quo</span> <span class='ocrx_word' id='word_1_546' title='bbox 1134 2091 1323 2125; x_wconf 74' lang='lat' dir='ltr'>concludebat</span> 
     </span>
    </p>
   </div>
  </div>
 </body>
</html>
