1638 2345
310 118 944 151 ACADEMIAEHisTORIA.
984 121 1125 151 an.1.
1273 132 1314 154 rt

83 161 170 205 usque
189 162 224 193 ad
245 172 405 193 extremum
422 161 520 193 sensim
535 165 673 193 minuitur
688 185 696 198 ,
719 166 747 194 &
771 162 905 206 plumulis
924 165 1067 204 utrimque
1095 163 1160 194 liuie
1182 134 1315 200 annexii,
1354 168 1431 206 Hlff,

83 217 201 248 quaeque
221 217 321 249 pennae
343 205 426 249 ipsius
445 204 625 236 latitudinem
647 204 785 238 efficiunt.
809 205 864 236 Pili
882 217 914 235 cx
931 205 1033 247 quibus
1058 205 1186 247 plumula
1199 218 1318 250 qua-quc
1333 213 1427 244 Anim,

84 251 263 284 contexitur,
284 248 359 291 plani
376 250 437 280 sunt
451 275 458 287 ‚
481 252 510 280 &
531 252 560 280 in
583 248 668 293 plano
684 250 709 280 sc
731 249 756 280 se
779 260 922 292 tangunt,
945 260 974 280 ut
995 248 1106 280 fac1lius
1123 248 1199 279 flecti
1215 251 1318 293 poliint

85 295 115 322 δέ
133 294 238 322 arctius
254 291 305 323 sibi
319 303 420 322 muruo
441 295 670 335 conjungantur,
692 304 783 335 neque
806 296 833 323 in
851 304 958 334 partem
980 291 1139 335 oppositam
1154 292 1318 325 deflectant.

84 337 166 366 Hinc
189 339 281 375 major
301 347 399 378 pennae
422 333 554 366 firmitas.
580 337 623 366 Ac
650 347 683 366 ne
708 335 791 367 facile
817 336 831 365 ὲ
852 336 877 366 se
894 347 995 366 mutuo
1018 334 1213 372 divellantur,
1234 349 1320 380 utque

82 378 200 409 divulsa:
226 380 319 409 statim
350 379 510 409 cohaereant
527 400 537 414 ,
561 377 676 420 fingulae
705 378 842 422 plumulae
867 381 1013 421 utrimque
1041 377 1096 410 filis
1119 383 1258 411 contortis
1289 385 1320 412 &

82 421 205 453 seriatim
228 421 367 463 dispositis
385 425 565 452 muniuntur.
588 423 667 452 Nam
691 434 722 452 ca
740 421 886 452 filamenta
901 421 978 453 velut
992 422 1068 452 hami
1085 423 1201 464 quidam
1217 426 1244 453 iu
1267 435 1321 455 una

81 464 150 495 serie
181 464 321 495 deorsum
351 464 498 508 paululum
534 467 639 496 intorta
661 488 670 500 ,
694 477 780 507 eaque
808 476 872 496 cum
899 465 966 495 serie
988 468 1134 495 vicinioris
1162 466 1296 507 plumtilae
1314 490 1320 502 ,

78 511 166 549 cujus
184 507 229 539 fila
251 508 357 539 sursum
380 507 560 551 crispantur,
580 508 657 539 ultro
679 509 832 540 cohaerent.
856 508 946 550 Qod
966 508 1082 550 quidem
1104 520 1209 539 natura:
1231 510 1319 540 artifi-

80 553 156 581 cium
170 577 178 589 ‚
198 554 293 582 omnis
315 551 388 582 adeo
408 563 565 594 pennarum
587 552 722 582 struerura
742 577 750 591 ,
771 562 890 596 qumque
907 551 942 581 ad
963 550 1090 581 volatum
1113 555 1209 582 avium
1232 557 1321 595 perti-

81 604 150 624 nent
169 594 254 625 fufius
276 595 451 638 explicantur
468 598 497 625 &
516 592 614 636 figuris
635 597 833 637 exprimuntur
845 598 874 625 in
888 594 1078 637 descriptione
1092 595 1267 626 struthionis.

131 640 193 669 IV.
229 639 301 668 Haec
322 637 463 668 mirabilis
482 649 640 680 pennarum
663 636 792 673 fabrica,
813 648 876 678 quae
898 637 1096 680 Mici‘oscopio
1112 637 1221 669 facilius
1238 639 1321 669 cons-

81 682 185 724 picitur
206 703 216 716 ,
246 680 391 724 proposito
419 691 524 711 naturae
546 678 597 711 fini
623 691 708 722 quam
731 679 872 723 aptissime
894 680 1056 722 respondet.
1088 682 1167 711 Cum
1189 684 1267 712 enim
1293 686 1321 713 vi

80 723 203 765 quadam
223 728 362 754 exteriore
380 723 461 755 filum
480 734 569 754 unum
584 723 619 753 ab
637 723 727 754 altero
743 724 899 765 sejunctum
915 723 968 753 fuit
984 748 992 761 ‚
1011 723 1174 754 incredibili
1187 723 1321 756 facilitate

80 776 145 796 cum
166 779 200 797 eo
214 766 288 798 redit
312 780 318 798 :
337 766 417 809 quod
437 777 502 798 aves
519 765 591 809 ipsas
611 778 670 796 non
684 765 757 809 fugit
771 789 780 803 ,
800 778 862 809 quae
877 765 1023 798 dissociata
1040 765 1089 797 fila
1104 767 1184 798 rostri
1199 770 1277 810 apice
1291 771 1320 798 in

81 808 213 840 ordinem
233 821 413 852 componunt
429 832 437 845 ‚
458 820 546 852 eaque
565 809 675 840 divulsa
698 810 857 842 restituunt.

119 853 198 883 Nam
212 853 247 885 ad
262 853 392 885 volatum
407 853 466 884 duo
482 852 544 884 sunt
564 855 707 896 imprimis
721 851 871 885 necessaria
881 875 892 888 ,
912 855 1039 895 primum
1051 862 1081 883 ut
1104 854 1152 883 a'e'r
1164 864 1321 895 pennarum

81 895 253 938 percussioni
275 896 433 940 plurimum
461 895 563 927 resistat
596 908 604 931 ·‚
637 896 757 927 alterum
780 908 811 928 ut
840 895 956 927 sublatis
978 895 1029 926 alis
1052 906 1136 936 quam
1163 899 1320 927 minimum

81 937 184 970 obstet.
209 939 381 971 Cavendum
404 942 484 971 enim
506 938 561 971 fuit
601 950 637 969 ne
669 939 793 983 idipsum
818 939 897 982 quod
920 937 1097 982 depressione
1118 938 1226 970 alarum
1242 951 1320 982 qua:-

82 979 166 1013 fitum
187 982 222 1014 ab
243 986 277 1014 iis
303 981 356 1014 fuit
381 1005 391 1019 ,
413 985 514 1025 pennis
534 984 635 1013 erectis
656 983 749 1014 statim
781 986 954 1014 amitterent.
996 981 1196 1022 Qamobtem
1219 994 1319 1024 pennse

81 1026 113 1054 in
131 1024 174 1056 ala
199 1028 237 1057 ita
256 1025 317 1057 sunt
334 1025 474 1069 dispofitae
490 1050 499 1062 ‚
518 1036 548 1056 ut
565 1038 596 1056 ea
612 1025 737 1069 depressa
757 1025 840 1057 latior
865 1025 914 1056 fiat
928 1047 938 1061 ,
959 1028 989 1056 &
1017 1035 1153 1065 magnam
1171 1028 1241 1057 a'e'ris
1256 1037 1321 1057 mo-

81 1065 141 1098 lem
156 1069 297 1100 verberet.
309 1069 365 1100 Sed
379 1068 472 1100 ubiala
484 1071 601 1111 erigitur
614 1090 625 1105 ,
635 1080 735 1112 pennae
749 1069 958 1100 contrahuntur
974 1089 982 1103 ‚
1002 1070 1041 1098 ita
1061 1078 1091 1098 ur
1107 1066 1222 1109 singula:
1243 1080 1321 1112 parte

82 1108 125 1141 sui
149 1111 270 1143 dimidia
297 1115 458 1143 vicinarum
481 1111 635 1143 dimidiam
658 1123 772 1155 quoque
792 1112 974 1144 latitudinem
998 1121 1095 1153 tegant
1109 1132 1118 1145 ‚
1143 1121 1234 1152 neque
1255 1124 1322 1143 arn..

82 1152 157 1196 plius
179 1155 215 1186 ad
236 1154 363 1186 libellam
379 1158 409 1186 &
432 1154 508 1198 quafi
529 1155 675 1186 horizonti
696 1154 836 1198 parallelae
857 1159 986 1196 jaceant,
1014 1153 1061 1185 sed
1085 1153 1156 1196 pene
1174 1155 1320 1186 verticales

83 1199 148 1227 ae'ta
169 1198 287 1234 secent,
308 1203 357 1242 qui
377 1198 483 1230 idcirco
504 1201 598 1229 minus
622 1197 718 1228 resistit
742 1212 749 1229 :
771 1209 801 1229 ut
822 1201 895 1229 remi
919 1197 988 1228 dum
1011 1196 1184 1228 reducuntur
1204 1219 1213 1232 ‚
1244 1199 1320 1240 quasi

83 1239 174 1271 caefim
194 1252 296 1284 aquam
315 1242 423 1274 feriunt
436 1264 446 1277 ,
468 1253 559 1284 neque
576 1245 608 1273 iis
627 1252 699 1283 aqua
713 1241 785 1272 adeo
803 1240 920 1272 obsistit.
942 1239 1026 1271 Adde
1039 1239 1112 1271 illud
1127 1250 1240 1282 quoque
1255 1253 1321 1272 ma-

83 1285 158 1324 jores
179 1284 229 1316 alat
251 1297 354 1328 pennas
367 1297 428 1327 qum
448 1285 543 1315 versus
559 1295 683 1316 extrema
699 1283 755 1315 sita:
778 1284 862 1320 sunt,
884 1295 946 1315 tum
967 1283 1074 1319 nolui,
1093 1294 1159 1314 cuin
1173 1287 1239 1315 a'e'ra
1254 1296 1319 1315 ver-

83 1325 184 1358 berant
195 1350 203 1363 ,
219 1339 250 1359 ut
265 1330 293 1358 in
307 1331 409 1360 aterius
429 1327 548 1371 spatium
560 1329 791 1370 comprimuntur
804 1353 813 1364 ,
834 1339 899 1359 cum
917 1327 959 1359 ala
978 1329 1105 1369 eiigitur.

127 1372 166 1401 V.
203 1371 260 1403 Sed
278 1382 309 1402 ut
324 1384 358 1402 eo
373 1382 548 1402 revertamur
559 1393 569 1406 ,
582 1372 657 1402 unde
674 1374 797 1402 narratio
820 1371 912 1402 nostra
926 1369 1045 1401 deflexit
1059 1393 1068 1406 ,
1091 1373 1121 1400 ὅ(
1139 1381 1229 1413 partes
1244 1373 1319 1402 inte-

84 1414 174 1444 riores
192 1415 311 1446 studim
327 1415 509 1446 decurramus
525 1427 532 1445 z
550 1412 734 1445 Ventriculus
753 1425 811 1445 erat
831 1413 942 1457 amplus
963 1417 994 1444 ὃ(
1016 1413 1149 1444 carnosus
1162 1425 1193 1444 ut
1215 1417 1242 1444 in
1257 1417 1319 1445 avi-

84 1455 137 1487 bus
157 1467 219 1499 quae
230 1461 325 1500 granis
348 1458 497 1499 pascuntur
518 1468 525 1491 ς
546 1456 651 1500 lapillis
672 1461 703 1489 δε
723 1460 817 1489 numis
840 1460 916 1488 aeteis
935 1456 1072 1491 refertus,
1091 1467 1121 1487 ut
1136 1460 1163 1487 in
1179 1461 1225 1490 avi
1240 1457 1318 1488 tarda

84 1509 210 1542 repertus
230 1501 278 1532 est.
311 1502 435 1532 Nummi
447 1499 518 1532 exesi
531 1504 631 1532 itidem
647 1511 727 1532 erant
740 1513 773 1532 ex
787 1510 864 1545 parte
878 1512 1014 1531 convexa.
1041 1500 1086 1529 Ac
1100 1499 1256 1530 musculosa
1269 1500 1318 1531 illa

85 1542 236 1574 ventriculi
257 1544 404 1575 substantia
424 1556 483 1575 non
497 1555 554 1575 tam
575 1543 686 1575 videtur
704 1544 799 1575 calore
820 1548 975 1586 congenito
987 1565 996 1578 ,
1016 1554 1101 1586 quam
1115 1554 1195 1573 motu
1209 1543 1268 1586 ipso
1285 1546 1316 1575 δε

84 1588 182 1617 attritu
203 1587 339 1618 alimenta
361 1590 567 1619 comminuere.
591 1588 656 1618 Nec
681 1587 795 1619 metalla
815 1586 917 1628 digerit
937 1609 947 1623 ‚
971 1589 1058 1617 autin
1071 1585 1188 1626 chylum
1203 1598 1315 1622 mutat,

85 1627 132 1660 sed
148 1640 202 1661 una
217 1641 280 1661 cum
294 1629 388 1661 herbis
401 1633 474 1662 terit.
489 1632 568 1661 Hinc
581 1630 661 1661 color
678 1630 789 1668 viridis,
808 1641 867 1661 non
879 1629 960 1661 albus
973 1652 982 1667 ‚
1003 1640 1033 1661 ur
1045 1632 1075 1660 in
1090 1632 1124 1660 iis
1137 1640 1199 1672 qux
1214 1629 1316 1661 caloris

84 1674 113 1702 vi
133 1674 227 1714 quoad
249 1673 430 1704 substantiam
448 1672 537 1716 ipsam
557 1684 711 1705 mutantur.

134 1715 245 1747 Colum
262 1717 425 1748 intestinum
444 1716 514 1747 folia
533 1716 710 1748 transversim
734 1714 867 1758 disposita
886 1713 962 1758 quasi
984 1714 1108 1746 totidem
1131 1715 1317 1747 fimi-circuli

85 1757 292 1801 distinguebant
304 1782 313 1795 ,
337 1759 440 1791 folium
456 1771 569 1804 quoque
582 1761 665 1791 instat
678 1758 801 1790 cochleae
818 1768 984 1789 contortum
999 1761 1074 1789 intus
1089 1769 1203 1789 coecum
1218 1760 1317 1790 vestie-

87 1800 155 1839 bat,
173 1813 243 1844 pene
256 1814 287 1833 ut
301 1806 329 1833 in
346 1803 431 1847 vulpe
451 1806 560 1834 matina
574 1826 582 1838 ‚
600 1806 628 1833 in
649 1802 793 1846 leporibus
817 1805 848 1833 &
869 1800 1016 1834 cuniculis.

132 1845 220 1887 Jecur
243 1845 367 1876 humano
387 1858 458 1889 pene
477 1845 625 1876 consimile
647 1857 654 1881 3
676 1847 758 1887 cystis
776 1844 862 1876 fellea
878 1844 973 1876 deerat
989 1867 999 1879 ‚
1021 1843 1067 1876 sed
1084 1845 1189 1877 canalis
1210 1846 1319 1889 hepati-

85 1900 133 1919 cus
157 1887 283 1919 emedio
298 1893 382 1932 patris
402 1900 477 1920 cavae
499 1901 577 1920 ottus
598 1893 626 1920 iu
648 1889 782 1932 pylorum
798 1887 952 1919 defluebat.
986 1890 1046 1919 Hic
1068 1888 1173 1920 canalis
1193 1889 1207 1918 ὲ
1230 1887 1319 1919 tribus

86 1930 150 1962 fitis
164 1931 266 1973 amplis
279 1935 385 1968 raum,
406 1936 455 1975 qui
475 1935 561 1964 totius
584 1935 718 1974 jecinoris
742 1931 922 1963 substantiam
937 1931 1147 1973 pervadebant,
1167 1931 1320 1963 coaluerat.

86 1975 158 2005 Duo
178 1975 278 2005 itidem
297 1986 375 2006 erant
397 1986 484 2018 portae
507 1980 599 2007 trunci
621 1975 636 2004 Ta
658 1976 684 2006 se
704 1986 804 2006 mutuo
824 1975 960 2016 disjuncti
982 1989 990 2007 3
1017 1975 1134 2017 quisque
1151 1975 1209 2005 suas
1229 1973 1317 2003 habe-

86 2016 134 2048 bat
155 2019 262 2048 radices
280 2017 331 2049 sibi
344 2021 480 2060 proprias.
508 2019 644 2050 Pancreas
657 2018 756 2049 decem
769 2019 866 2061 digitis
882 2019 1000 2061 longum
1015 2030 1045 2049 ut
1058 2021 1086 2048 in
1102 2029 1202 2060 magna
1218 2020 1314 2047 avium

86 2072 163 2102 parte
183 2060 264 2092 situm
277 2083 285 2096 ,
307 2063 321 2093 ὲ
341 2061 482 2103 glandulis
499 2061 731 2094 membranarum
752 2073 806 2105 ope
820 2065 892 2094 inter
907 2062 932 2092 se
949 2062 1090 2093 devinctis
1105 2059 1312 2104 compositum3

85 2105 200 2137 insertio
222 2104 326 2137 ducitis
343 2108 513 2148 pancreatici
531 2106 620 2139 tribus
640 2108 671 2137 ὅ(
695 2105 816 2149 amplius
837 2105 956 2150 pedibus
972 2104 1091 2178 distabat
1108 2103 1143 2153 ab
1161 2103 1314 2136 insertione

1121 2157 1140 2186 ¹J
