1638 2345
297 129 587 161 ACADEMIAE
629 126 902 159 HISTORIA.
938 127 1032 158 [ιε.
1054 130 1076 158 Ι.
1244 141 1286 169 47

99 173 137 202 X.
162 173 230 215 Qo
245 171 293 202 ista
311 171 411 204 fierent
434 171 607 208 illustriora,
630 182 719 202 unum
739 174 808 202 item
827 180 859 201 ac
873 169 994 202 alterum
1015 169 1121 201 fastum
1144 170 1181 201 est
1203 182 1284 215 expe-
1300 177 1408 219 Hydro,

68 218 240 246 timentum:
265 227 313 246 vas
331 215 520 257 cylindricum
533 226 604 260 :iqua
622 213 763 257 repletum
781 214 838 249 est,
857 224 918 244 tum
933 225 988 257 ope
1011 212 1128 257 penduli
1152 225 1288 256 quantum
1300 218 1406 258 βιαία.

66 261 204 300 temporis
227 259 404 302 impenderet
426 257 547 289 effluxus
571 268 620 300 per
637 268 767 301 apertum
783 259 813 288 in
833 255 889 287 bafi
910 255 1061 292 foramen,
1084 256 1136 287 fuit
1159 256 1292 288 observa-

67 310 151 332 tum:
177 300 278 331 eodem
303 305 439 346 temporis
460 301 548 345 spatio
573 302 588 330 ὁ
612 303 675 331 vase
692 299 802 344 semper
824 299 911 343 pleno
936 299 1059 330 alterum
1074 310 1184 331 tantum
1211 311 1293 344 aquae

65 342 185 376 effluxit.
209 344 253 374 Est
272 348 349 375 enim
378 345 520 388 aequabilis
539 355 617 388 aquae
641 354 735 374 motus
760 354 795 373 ex
816 342 916 374 eadem
947 341 1121 378 altitudine,
1151 354 1217 373 cum
1247 355 1293 374 vas

66 384 174 430 semper
190 386 309 429 plenum
322 388 369 419 est.
388 387 444 418 Sed
463 389 600 419 eontinuo
616 385 804 418 decrescentis
825 396 921 417 motus
941 388 1044 428 prioris
1066 386 1104 416 est
1122 397 1294 417 tantummo-

64 427 104 459 do
125 429 288 473 subduplus.
309 430 564 471 Qemadmoclum
587 428 760 472 triangulum
780 432 810 459 in
831 428 932 459 eadem
953 426 1032 463 basi,
1053 431 1124 459 &in
1147 429 1246 460 eadem
1255 428 1294 459 al-

63 472 183 503 titudine
202 484 266 503 cum
289 473 556 516 parallelogrammo
567 474 606 504 est
627 484 688 517 pars
709 473 792 514 hujus
812 482 923 503 tanturn
947 471 1078 502 dimidia.
1100 472 1178 502 Cum
1205 475 1293 515 igitur

64 518 145 546 unius
168 514 305 547 velocitas
331 516 443 548 alterius
466 515 498 547 fi:
515 515 624 558 dupla,
643 515 746 547 eodem
765 526 896 558 tempore
908 513 1030 559 duplum
1049 525 1128 558 aquae
1151 526 1200 559 pet
1216 516 1293 548 idem
1321 548 1324 550 ,

61 556 194 588 foramen
219 558 289 589 vafis
313 559 421 604 semper
443 560 520 604 pleni
542 562 618 589 exite
642 557 750 589 necess'e
769 558 818 589 est.

94 603 149 632 XI.
177 599 311 632 Alterum
326 615 440 646 quoque
463 605 688 645 experimentum
704 600 810 632 faustum
830 602 869 633 est
889 605 961 632 circa
983 602 1131 632 theorema
1149 600 1164 631 a
1179 601 1293 633 Castel-

62 642 91 673 lo
109 644 282 687 propositum
305 667 314 679 ,
331 647 408 689 quod
430 648 567 676 nimirum
590 643 726 675 velocitas
747 654 826 685 aquae
846 655 897 687 per
915 643 1086 674 inclinatum
1111 643 1228 686 planum
1240 645 1292 677 de-

60 684 181 726 labentis
194 686 338 718 altitudini
360 688 410 731 ipfi
433 686 619 731 respondeat:
647 690 685 717 ita
701 698 731 717 ut
753 689 782 717 in
798 687 897 717 eadem
914 686 1017 717 canalis
1037 685 1208 722 latitudine,
1226 698 1291 719 cuin

60 727 183 760 altitudo
203 741 217 760 a
239 742 280 761 ua:
302 730 387 774 dupla
408 731 463 766 est,
484 742 543 761 tum
570 728 728 774 quadrupla
745 728 778 760 fit
799 741 876 773 aqua:
895 728 1065 773 profluentis
1085 732 1246 772 quantitas,
1260 735 1292 762 in

59 774 168 802 ratione
195 742 299 803 scillicet.
320 774 472 817 duplicata.
494 773 528 804 Id
544 772 671 816 primum
691 772 885 803 demonstrare
908 783 1026 803 conatus
1047 773 1105 807 est,
1126 770 1173 803 fed
1194 776 1224 803 in
1243 786 1291 816 pa-

59 813 400 858 ralogismumincurrisse
420 817 517 860 postea
541 815 597 859 ipse
609 815 822 847 animadvertit.
844 817 943 856 Qate
955 815 990 846 ad
1009 818 1213 860 experientiam
1223 827 1291 857 pro-

59 861 184 890 vocavit.
209 858 309 890 Tubus
326 872 465 904 quantum
488 858 550 890 fieri
567 863 681 900 potuit,
705 862 730 890 ei
752 857 852 889 fimilis
874 869 960 900 quem
983 869 1046 902 pag.
1066 870 1106 900 95.
1129 857 1263 890 describit
1278 883 1288 895 ,

59 912 170 943 paratus
187 902 236 934 est.
253 902 309 933 Sed
329 905 509 946 experientiae
528 902 579 943 ipsi
594 913 659 933 cum
675 904 820 933 enuntiato
841 905 934 932 minus
947 905 1102 933 convenire
1118 900 1211 932 visum
1229 904 1286 935 est:

58 955 125 974 nam
146 945 196 975 ubi
218 945 407 990 quadruplum
424 957 502 988 aquae
519 944 641 982 effluxit,
658 944 779 977 altitudo
797 955 911 988 quoque
928 955 999 988 pene
1009 942 1167 988 quadrupla
1193 956 1289 988 repet-

60 998 87 1017 ta
108 988 157 1018 est.

454 1113 487 1147 C
522 1115 556 1151 A
590 1114 615 1151 P
644 1115 683 1151 U
723 1113 758 1147 T
823 1114 873 1149 V.

380 1199 468 1235 Idem
499 1205 727 1248 Argumentum
747 1197 959 1233 continuatur.

59 1284 82 1318 Ῑ,
110 1283 196 1360 A
215 1283 289 1315 Liud
307 1288 533 1329 experimentum
551 1285 651 1317 iisdem
678 1296 750 1328 pene
771 1282 871 1316 dicbus
891 1281 998 1313 faustum
1024 1281 1062 1312 est
1085 1280 1121 1312 de
1142 1282 1282 1320 follibus,

210 1331 259 1369 qui
280 1338 313 1358 ex
334 1339 412 1372 aquae
431 1328 507 1372 lapsu
527 1329 652 1360 multum
669 1331 746 1360 venti
757 1331 902 1358 emittunt.
925 1323 1003 1355 Illud
1025 1324 1040 1354 Ξι
1062 1326 1104 1355 D.
1119 1325 1155 1356 de
1168 1327 1282 1358 Rober-

57 1367 103 1399 val
118 1369 208 1402 fuerat
219 1381 281 1401 ante
301 1371 479 1414 propositum
495 1394 504 1407 ,
516 1375 546 1403 δε
560 1370 743 1413 D.C0uplet
761 1370 876 1401 follium
899 1368 1124 1412 parandororum
1143 1380 1208 1400 cura
1227 1382 1283 1401 erat

56 1410 238 1446 demandata.
268 1414 369 1445 Tubus
394 1415 466 1445 hanc
493 1418 522 1446 in
545 1427 603 1446 rem
622 1426 656 1445 ex
673 1414 749 1444 ferro
770 1413 837 1444 albo
856 1414 885 1443 in
905 1421 1000 1442 tenues
1021 1411 1140 1442 laminas
1160 1412 1280 1444 diducto

56 1465 168 1496 paratus
192 1457 232 1488 est
246 1479 256 1491 ,
278 1460 356 1496 cujus
377 1458 514 1488 diameter
540 1469 596 1489 erat
615 1469 646 1496 7.
664 1456 723 1487 fere
741 1456 896 1499 pollicum,
915 1453 1036 1484 altitudo
1056 1455 1161 1496 septem
1178 1456 1283 1498 pedum

57 1508 104 1528 aut
121 1501 232 1530 circiter
244 1511 310 1530 curn
318 1499 426 1544 duplici
448 1501 679 1544 diaphragmaoe,
696 1511 758 1530 uno
772 1503 801 1529 in
823 1500 950 1541 suprema
964 1507 1037 1539 pene
1052 1497 1110 1528 tubi
1124 1509 1202 1540 parte
1215 1520 1226 1533 ,
1243 1498 1285 1528 al-

57 1551 119 1572 tero
132 1545 162 1573 in
178 1554 255 1586 parte
275 1541 407 1574 inferiore
427 1555 542 1587 aptato,
563 1555 685 1585 utroque
700 1545 729 1573 iu
752 1541 793 1573 sui
817 1541 914 1572 medio
936 1539 1060 1582 pertuso.

86 1585 210 1627 Amplus
230 1597 346 1629 quoque
364 1586 413 1617 ille
444 1587 529 1618 tubus
550 1586 634 1630 paulo
660 1586 739 1630 supra
761 1585 880 1616 inferius
904 1582 1033 1626 septum,
1060 1593 1107 1613 aut
1132 1583 1282 1625 diaphrag-

56 1638 103 1658 ma
124 1627 234 1671 aliquot
259 1632 288 1659 in
314 1628 387 1661 locis
414 1629 450 1660 fic
478 1641 536 1661 etat
564 1628 725 1674 perforatus
753 1651 763 1664 ‚
796 1631 827 1659 &
849 1626 943 1658 tubuli
968 1628 1002 1656 iis
1035 1623 1226 1657 foraminibus
1247 1618 1284 1657 fic

56 1670 225 1713 agglutinati
237 1694 245 1707 ‚
272 1683 303 1702 ut
321 1672 436 1704 occludi
451 1676 482 1704 &
503 1674 617 1704 reserati
633 1671 708 1716 qurfi
722 1670 844 1702 totidem
868 1670 1022 1714 Epistouiia
1034 1691 1043 1704 ‚
1063 1668 1152 1710 vulgo
1169 1669 1214 1698 des
1226 1671 1281 1699 Ro.

55 1710 138 1744 binets
151 1737 161 1750 ,
184 1714 267 1744 facile
287 1715 396 1758 pollent
410 1739 419 1751 ,
443 1719 502 1746 aeri
518 1727 621 1760 nempe
637 1715 674 1746 ad
691 1715 837 1746 arbittium
856 1711 1005 1745 retinendo
1020 1737 1028 1747 ‚
1044 1723 1091 1742 aut
1109 1712 1276 1743 emittendo,

57 1755 143 1798 Aqui
178 1769 207 1788 er
226 1758 440 1790 infundibulum
452 1759 633 1801 oblongimis
644 1757 713 1790 colli
727 1761 757 1788 &
770 1768 836 1787 cum
850 1767 947 1800 aperto
965 1755 1114 1797 superioris
1126 1754 1277 1797 diaphrag-

56 1802 140 1830 matis
157 1771 296 1832 foramine
312 1802 389 1834 arcte
412 1804 597 1844 conjundtum
620 1800 711 1833 affusa
734 1804 782 1831 ae‘r
796 1811 901 1843 magno
925 1803 1034 1841 impetu
1050 1809 1100 1840 per
1124 1809 1212 1828 unum
1242 1809 1276 1828 ex

57 1842 211 1882 cpistomiis
231 1855 358 1887 apertum
379 1849 490 1888 erupit,
510 1857 544 1876 ac
559 1856 659 1876 ventus
675 1843 724 1875 ille
746 1843 856 1875 tamdiu
872 1842 985 1874 duravit
998 1863 1008 1876 ‚
1035 1840 1172 1883 quamdiu
1189 1839 1277 1872 affiisa

55 1885 96 1915 est
118 1896 190 1927 aqua
205 1898 236 1916 ex
250 1890 331 1919 unius
348 1900 394 1919 aut
411 1889 524 1920 alterius
542 1888 621 1931 pedis
639 1886 789 1918 altitudine
804 1885 927 1930 delapsa.

89 1930 185 1969 Hujus
210 1929 327 1961 effeetus
349 1931 412 1963 satis
437 1931 615 1976 probabilem
636 1930 746 1962 causam
771 1929 865 1961 attulit
888 1930 927 1960 D.
951 1928 986 1959 de
1012 1925 1177 1961 Roberval,
1196 1925 1274 1967 quod

55 1983 129 2014 aqua
149 1972 227 2016 lapsu
248 1973 296 2004 suo
313 1975 434 2006 multum
455 1978 528 2005 a'c'ris
552 1975 645 2006 secum
672 1973 791 2018 abripiat
810 1986 817 2004 ι
852 1983 884 2003 ea
929 1971 1026 2002 uidem
1045 1969 1081 2000 ad
1105 1971 1193 2000 imam
1212 1967 1274 1998 tubi

55 2026 166 2057 partem
189 2028 310 2060 praeceps
331 2022 406 2053 ruit,
441 2017 489 2049 sed
511 2022 560 2049 aer
580 2029 636 2061 pra:
659 2017 705 2049 sua
723 2017 837 2048 levitate
862 1985 968 2046 surliim
989 2014 1127 2045 eluctatur
1141 2035 1151 2048 ‚
1164 2015 1213 2054 qui
1225 2021 1275 2053 per

57 2057 178 2090 fistulam
200 2059 376 2093 infundibuli
399 2072 521 2092 remeare
537 2063 647 2104 nequit.
670 2060 757 2093 Unde
779 2070 829 2103 per
850 2069 980 2102 apertum
1005 2056 1134 2088 foramen
1158 2056 1274 2096 majoris

59 2101 119 2133 tubi
142 2114 207 2135 cum
228 2107 338 2147 impetu
360 2107 493 2148 erumpit·
513 2107 583 2147 Qo
600 2115 692 2137 autem
714 2115 786 2147 aqua
808 2112 844 2134 ex
860 2102 955 2132 altiori
974 2100 1040 2131 loco
1060 2102 1090 2130 in
1115 2096 1207 2141 ipsum
1228 2100 1274 2127 in-
