1638 2345
287 60 594 93 'ACADEMIAE
630 57 914 90 HISTORIA.
949 58 1127 91 L18.1V.'
1272 67 1309 96 17
1389 89 1392 94 ,

88 108 176 138 'retina
203 127 211 142 ,
242 116 291 137 aut
312 105 466 136 choro'i'des
484 115 612 135 tenerum
631 102 664 134 sit
686 105 717 133 δε
740 101 869 146 exquisiti
888 100 985 132 sensus
1000 122 1010 137 ,
1036 101 1151 145 pupillae
1169 69 1311 132 musciilus
1325 90 1423 133 Opma

86 148 171 181 facile
189 148 341 193 ampliatur
353 171 363 184 ‚
386 151 417 179 &
430 148 630 190 constringitur
651 160 658 177 ι
679 145 818 188 fiquidem
838 143 1010 177 delicatioris
1021 149 1121 187 organi
1139 156 1245 177 textura
1259 156 1313 182 ‚ne

87 192 163 224 forte
183 203 240 236 prae
262 195 352 223 nimio
376 191 484 222 lumine
512 189 696 225 offendatur,
726 190 932 220 contraffionis
956 199 1067 219 motum
1091 192 1186 231 exigit.
1224 190 1312 220 Con-

87 245 129 266 tra
151 238 247 267 evenit
265 239 293 266 in
310 233 414 266 adultis
428 257 438 270 ,
458 233 563 277 quibus
583 233 726 264 musculus
742 231 791 263 ille
811 230 925 276 pupillae
944 242 1039 262 motor
1058 234 1116 271 jam
1131 231 1250 274 rigidior
1263 232 1312 267 est,

89 281 122 308 &
139 282 167 309 in
183 279 292 311 senibus
316 278 375 308 fere
396 277 494 308 cadem
511 287 607 309 manet
625 275 741 319 pupillae
760 286 888 319 apertura
908 278 936 304 in
957 274 1028 305 locis
1048 273 1189 305 ‘illustratis
1206 278 1236 305 δε
1259 274 1314 305 ob.

89 320 185 352 scuris.
211 334 239 354 2.
263 321 374 362 Qbus
395 320 431 351 dc
453 318 540 350 causis
560 319 608 350 alii
626 318 679 350 sint
700 321 826 363 Myopcs
846 341 857 354 ,
885 316 932 348 alii
955 317 1092 360 presbytae
1115 320 1208 360 pauci<
1224 317 1315 360 expli-

89 375 133 394 cat
160 376 168 399 ·‚
190 377 220 396 ac
239 365 326 395 multa
346 367 419 394 circa
433 363 595 394 distinctam
615 362 820 404 magnitudinis
843 364 883 392 rei
895 359 1034 401 objecstae‚
1055 365 1085 392 &
1105 362 1241 393 distantia:
1253 372 1315 403 per-

89 411 251 450 ceptionem
265 430 273 443 ,
296 410 369 437 circa
393 405 543 437 obscuram
564 406 611 438 vel
636 404 742 436 claram
760 405 892 436 colorum
914 405 1055 446 speciem,
1080 407 1152 435 circa
1173 404 1315 446 utriusque

90 450 166 480 oculi
184 451 376 481 directionem
395 448 584 492 speculatione
602 448 689 491 digna
709 454 740 482 δε
757 448 907 479 intellectu
924 446 1017 478 facilia
1035 446 1158 488 subjicit.

137 496 185 524 11.
226 493 372 535 Judicium
392 493 428 523 de
451 504 544 523 rerum
571 492 701 522 distantia
724 503 757 522 ex
782 490 950 534 quintuplici
971 490 1049 521 causa
1071 490 1194 532 pendere
1220 489 1315 521 docet.

95 547 121 568 1.
149 539 190 567 Ex
209 539 354 579 apparenti
373 547 472 566 earum
499 535 708 576 magnitudine.
745 547 771 566 2.
798 536 838 565 Ex
859 533 990 565 colorum
1012 532 1194 576 impreslionc
1216 556 1224 568 ‚
1254 545 1315 575 quse

90 578 150 609 duo
175 578 190 607 ὰ
215 578 373 621 pictoribus
406 578 498 610 solent
518 578 670 621 usurpari,
694 589 725 608 ut
749 589 843 608 rerum
862 577 1039 617 objeetamm
1063 576 1208 608 distantias
1232 577 1317 607 exhi-

92 620 176 653 beant
190 643 199 657 ,
215 633 300 665 atque
314 625 343 652 in
360 623 394 652 iis
410 622 611 653 tantummodo
627 620 726 651 oculos
744 619 858 651 fallunt.
875 634 898 660 3.
920 623 960 652 Ex
977 619 1136 650 directione
1155 618 1317 655 oculorum,

91 675 158 695 nam
171 675 289 708 uterque
309 664 388 695 oculi
409 667 467 696 axis
488 664 568 695 aliter
589 667 619 694 in
640 674 755 695 remotae
768 685 777 699 ‚
799 663 879 694 aliter·
903 666 933 693 in
949 665 1087 706 proximae
1104 666 1143 693 rei
1157 661 1242 693 nobis
1262 662 1317 692 ob-

50 730 51 733 ,
92 709 173 749 jestae
195 707 272 738 idem
290 712 428 752 punctum
446 707 589 750 dirigitur.
618 719 648 743 4.
685 708 725 736 Ex
745 706 880 749 parallaxi
902 717 997 737 rerum
1018 705 1197 748 objectarum
1218 728 1227 741 ,
1254 716 1318 740 cuin

91 749 191 782 oculus
214 749 296 782 fituni
321 761 427 782 mutat.
461 751 541 782 Nam
561 749 581 781 fi
603 749 661 780 duo
681 760 800 793 corpora
824 751 854 780 in
881 760 955 780 certa
978 752 1060 780 unius
1079 748 1154 780 oculi
1180 747 1319 791 positione

92 792 142 824 fibi
156 797 310 836 conjunsta
324 794 475 827 videantur
488 819 497 830 ,
514 792 600 824 oculo
613 793 791 824 dextrorsum
805 803 886 823 moto
905 803 1007 835 corpus
1023 791 1116 831 illud,
1129 791 1209 833 quod
1229 790 1264 821 ab
1278 791 1320 821 al-

94 847 156 868 tero
176 836 231 869 fibi
254 849 319 869 ante
340 838 501 879 conjunem
523 836 618 868 versus
639 835 768 866 dextram
790 838 932 866 removeri
953 845 1088 878 apparet,
1111 834 1187 865 idem
1207 845 1322 877 quoque

92 884 230 912 remotius
250 881 289 912 est
303 903 314 919 ,
336 883 368 912 &
393 891 494 924 corpus
512 878 590 922 quod
610 878 645 911 ad
665 878 764 910 laevam
788 888 904 914 manet,
924 882 1039 921 propius
1058 876 1209 918 judicatur.
1232 888 1257 915 ς.
1282 880 1324 908 Ex

93 923 226 955 distinCta
245 922 292 955 vel
317 922 434 955 confusa
453 927 628 955 minutarum
647 924 769 965 partium
787 924 967 965 perceptione
989 920 1025 951 de
1047 923 1176 964 corporis
1194 919 1326 951 distantia

93 966 262 1008 judicamus.

143 1012 156 1040 I
170 1012 182 1040 I
196 1013 220 1042 1.
263 1010 297 1042 Id
321 1022 434 1055 quoque
448 1010 571 1042 advertit
583 1009 737 1053 quemdam
752 1007 806 1039 effe
823 1008 920 1039 locum
934 1009 963 1039 in
983 1007 1058 1038 visus
1072 1017 1180 1049 organo
1194 1032 1203 1045 ‚
1222 1007 1326 1051 nempe

94 1055 125 1083 in
145 1053 237 1084 retina
253 1077 262 1089 ‚
283 1065 313 1085 ut
329 1054 378 1098 ipfi
398 1053 514 1096 quidem
535 1053 665 1093 videtur,
682 1057 732 1096 qui
751 1051 939 1096 exquisitioris
959 1051 997 1081 est
1016 1050 1109 1080 sensus
1121 1072 1131 1085 ,
1153 1049 1223 1081 adeo
1239 1061 1325 1081 utres

94 1095 216 1138 objectae
237 1101 342 1128 acutius
361 1097 511 1129 videantur
525 1119 535 1132 ‚
563 1108 630 1129 cum
659 1095 858 1139 penicillorum
880 1105 911 1125 ut
933 1103 1060 1129 vocant,
1090 1095 1181 1136 apices
1206 1096 1234 1123 in
1261 1104 1326 1125 eum

96 1138 194 1170 locum
211 1139 348 1172 desinunt.
371 1140 457 1173 Unde
477 1139 575 1171 habitu
594 1140 720 1182 quodam
738 1138 873 1182 acquifito
893 1136 971 1169 oculi
988 1136 1111 1181 globum
1131 1138 1168 1166 ita
1183 1140 1327 1168 converti-

96 1192 183 1218 mus,
207 1194 238 1214 ut
257 1187 353 1225 imago
375 1187 414 1214 rei
442 1194 527 1225 quam
550 1183 682 1214 distincte
712 1194 826 1214 cernere
851 1180 985 1213 volumus
1000 1203 1010 1216 ‚
1032 1182 1062 1211 in
1081 1191 1115 1210 eo
1137 1182 1234 1210 retinax
1261 1178 1327 1210 loco

96 1224 276 1269 depingatur.
313 1226 388 1258 Illud
409 1229 506 1257 tetinae
528 1228 669 1269 punitum
689 1225 812 1268 idipsum
840 1223 893 1255 esse
917 1224 987 1256 solet
1001 1246 1011 1260 ‚
1035 1222 1111 1266 quod
1133 1222 1243 1254 directe
1270 1222 1328 1252 ob-

94 1271 176 1310 jecta·
192 1272 232 1299 rei
251 1273 400 1312 exponitur
424 1291 434 1304 ,
456 1268 506 1299 nisi
530 1280 563 1299 ex
578 1269 691 1300 defectu
711 1272 834 1311 organi,
862 1277 908 1298 aut
925 1279 958 1297 cx
975 1266 1073 1297 habitu
1092 1269 1231 1309 punc'him
1254 1264 1329 1296 illud

97 1311 226 1342 medium
248 1311 343 1343 minsis
364 1310 494 1354 exquisiti
509 1311 541 1342 sit
561 1312 652 1343 sensus
674 1327 680 1343 :
701 1311 772 1342 adeo
790 1322 820 1341 ut
839 1310 958 1352 globum
974 1309 1051 1341 oculi
1067 1321 1099 1339 ex
1121 1308 1242 1352 obliquo
1257 1319 1327 1338 con·

97 1357 170 1384 verti
191 1354 297 1384 neccss'e
318 1354 351 1385 fit
369 1377 378 1389 ,
399 1354 457 1396 quo
479 1355 588 1396 pistura
606 1354 671 1384 loco
686 1352 875 1396 exquisitioris
899 1351 996 1383 sensus
1023 1355 1200 1394 imprimatur
1218 1365 1225 1382 2
1248 1350 1327 1394 quod

98 1395 180 1426 luscis
190 1400 303 1427 evenire
318 1396 396 1427 solet.
409 1396 535 1427 Tametsi
547 1397 575 1427 id
588 1399 652 1428 vitii
662 1397 717 1427 alia
726 1407 840 1440 quoque
851 1406 883 1424 ex
895 1395 975 1424 causa
986 1398 1054 1425 oriri
1065 1393 1155 1437 potest
1168 1415 1177 1428 ,
1200 1393 1246 1424 ubi
1258 1405 1326 1434 cry-

98 1439 223 1469 stallinus
237 1439 412 1483 suspenditur
423 1451 480 1470 non
491 1439 505 1469 ὲ
517 1442 631 1482 regione
639 1439 753 1483 pupillae
766 1460 775 1474 ,
786 1442 816 1469 ὃς
827 1439 916 1480 magis
927 1439 955 1467 in
967 1448 1053 1468 unam
1064 1447 1185 1479 partem,
1195 1436 1282 1478 quim
1296 1440 1326 1466 in

98 1481 217 1514 alteram
240 1483 399 1514 inclinatur.
422 1484 500 1513 Nam
517 1486 610 1526 apices
626 1483 829 1525 penicillorum
851 1483 903 1523 qui
921 1479 1030 1511 directe
1044 1483 1073 1511 in
1096 1479 1214 1510 oculum
1229 1483 1327 1510 incur-

99 1536 167 1557 runt
185 1547 195 1561 ,
223 1530 327 1568 quique
350 1525 385 1556 ad
402 1537 483 1557 axem
505 1525 591 1568 dirigi
614 1525 751 1557 deberent
765 1550 774 1560 ,
797 1527 827 1556 in
846 1535 908 1554 eam
934 1534 1043 1566 partem
1072 1522 1228 1554 defleemnt
1243 1545 1252 1558 ‚
1278 1524 1329 1555 ubi

99 1567 278 1609 crystallinus
296 1571 385 1611 magis
404 1568 553 1600 attollitur.
579 1570 625 1600 Sic
642 1568 714 1600 radii
736 1570 761 1600 A
774 1570 795 1598 Β
812 1589 821 1603 ,
842 1578 900 1597 non
914 1567 948 1597 ad
961 1578 1042 1597 axem
1062 1569 1084 1598 Ε
1100 1567 1121 1596 P
1141 1569 1172 1597 ὃς
1190 1568 1328 1609 fimorum

101 1611 148 1647 P,
174 1611 220 1642 sed
235 1611 329 1643 versus
352 1613 382 1641 D
406 1612 578 1655 diriguntur.
612 1614 650 1642 At
671 1611 690 1642 si
714 1612 851 1653 pundtum
879 1611 901 1639 P
927 1612 1021 1641 retinae
1039 1609 1071 1641 sit
1095 1608 1191 1639 sensus
1207 1610 1330 1652 exquisi-

101 1656 186 1685 rioris
201 1676 211 1690 ‚
236 1666 266 1685 ut
290 1653 352 1685 fieri
373 1653 442 1685 solet
456 1677 465 1690 ,
487 1666 549 1685 turn
573 1654 644 1685 radii
669 1657 690 1685 E
705 1657 725 1685 Β
742 1678 749 1690 ,
775 1657 793 1685 F
809 1656 830 1684 B
849 1651 967 1695 oblique
982 1653 1138 1684 incidentes
1150 1675 1158 1687 ‚
1179 1655 1206 1682 in
1222 1656 1330 1695 punc‘to

101 1698 220 1738 quidem
242 1699 264 1728 P
286 1698 407 1729 coibunt
421 1720 430 1733 ,
457 1701 488 1728 &
513 1696 659 1739 objc<fmm
682 1698 757 1729 unde
782 1700 801 1727 ii
826 1695 956 1740 prodiere
977 1696 1048 1738 radij
1068 1722 1075 1731 ‚
1097 1695 1255 1726 distin&ius
1282 1709 1330 1738 ap-

103 1740 213 1782 parebit
229 1740 345 1772 :oculus
362 1742 433 1771 adeo
456 1743 486 1771 in
506 1741 535 1771 id
550 1741 695 1782 objectum
715 1744 840 1772 intentus
859 1741 931 1775 erit,
947 1739 982 1770 ad
1001 1738 1080 1782 quod
1097 1749 1193 1771 tamen
1208 1750 1267 1769 non
1286 1740 1332 1770 di-

104 1784 227 1825 rigitur,
247 1784 322 1814 unde
340 1788 371 1816 &
392 1783 484 1814 luscus
504 1784 659 1827 apparebit.

139 1830 149 1856 1
166 1829 204 1858 V.
233 1828 286 1857 His
305 1825 458 1858 universim
475 1827 621 1868 explicatis
639 1826 674 1857 ad
693 1826 799 1868 lingula
819 1824 897 1856 visfis
917 1836 1018 1869 genera
1040 1823 1185 1856 descendit
1200 1847 1210 1860 ‚
1231 1836 1261 1854 ac
1276 1826 1335 1867 pri-

108 1880 186 1900 mum
205 1869 323 1912 quidem
346 1882 412 1911 myo
437 1880 484 1899 um
507 1872 580 1900 varia
601 1869 722 1914 explicat
742 1870 929 1912 phaenoniciia
950 1891 960 1904 ‚
992 1879 1054 1910 quae
1077 1880 1177 1910 magna
1199 1879 1230 1897 ex
1259 1878 1336 1909 parte

108 1915 268 1943 omittimus
281 1935 289 1946 ,
306 1913 384 1953 quod
403 1883 438 1944 ab
454 1914 568 1943 au&ore
585 1912 710 1944 dilucide
728 1915 756 1942 δι’
770 1912 850 1942 brevi
869 1911 1024 1942 verborum
1040 1912 1191 1953 complcxu
1211 1909 1264 1940 fint
1286 1921 1338 1940 ex-

111 1956 223 1998 plicata.
260 1955 337 1985 Illud
358 1958 499 1998 imprimis
522 1955 644 1986 advertit
664 1978 671 1992 ,
696 1966 813 1998 myopes
849 1954 898 1985 ubi
920 1956 1054 1984 humores
1074 1952 1151 1983 oculi
1174 1957 1236 1996 puri
1257 1952 1340 1991 sunt,

110 2010 169 2028 non
193 1998 300 2029 turbidi
321 2021 330 2034 ,
356 2011 397 2029 res
415 1999 540 2040 objectas
570 2002 687 2042 propius
707 1999 834 2029 admotas
854 1997 985 2030 distinete
1010 1996 1168 2027 admodum
1187 1998 1316 2026 contueri
1335 2018 1344 2029 ‚

111 2041 191 2084 quod
209 2041 310 2085 amplae
330 2053 423 2072 rerum
451 2045 586 2084 imagines
605 2045 634 2074 in
662 2041 752 2084 retina
772 2040 963 2085 depingantur
976 2065 985 2082 ,
1006 2043 1126 2071 minutas
1151 2037 1225 2069 adeo
1250 2049 1346 2078 earum

1061 2083 1090 2123 R
1104 2093 1115 2113 r
1148 2082 1180 2123 iij
