1638 2345
214 181 305 211 ᾹΝΝ.

214 229 300 259 1669.

326 144 370 174 74
538 110 541 112 ’
605 132 781 164 REGIAE
841 130 1247 163 ςειΕΝτῐΑιωΜ

624 263 887 301 CAPUT
941 264 1259 301 PRIMUM.

587 355 638 385 De
667 349 871 398 quorumdam
889 349 1046 397 liquorum
1064 348 1286 396 coagulatione.

321 436 346 465 1.
368 435 444 510 A
460 438 543 476 Tque
568 435 629 465 haec
646 434 680 465 de
705 439 845 479 praecipuo
862 435 977 467 visionis
999 446 1107 478 organo
1134 437 1207 465 inter
1224 436 1301 464 viros
1329 433 1459 466 eruditos
1481 434 1544 467 sunt

458 478 596 520 disputata
611 500 620 512 ,
653 489 717 520 quae
740 479 849 510 curiosa
866 482 954 521 magis
974 480 1060 522 quain
1082 477 1161 508 utilia
1184 476 1275 507 videri
1301 476 1436 520 polfunt,
1459 481 1488 509 δι
1509 481 1543 509 iis

319 522 444 551 maxime
455 524 503 563 qui
524 523 552 551 in
562 531 655 551 rerum
678 522 850 552 naturalium
870 524 1035 564 cognitione
1054 519 1141 550 solam
1159 518 1309 550 utilitatem
1323 531 1461 563 quaerunt.
1477 521 1544 552 Alia

317 563 418 593 iisdem
428 563 485 594 fere
505 563 681 605 temporibus
700 563 782 595 latius
797 564 854 595 fusa
868 587 877 600 ‚
900 570 929 595 ὅ(
948 563 983 594 ad
1006 566 1071 594 vita:
1087 563 1218 592 humana-
1237 562 1317 593 usum
1328 565 1418 605 tnagis
1429 573 1545 594 accom-

319 606 446 641 modata,
462 605 497 636 de
508 606 592 637 caulis
614 606 819 648 coagulationis
839 611 869 638 &
896 605 1038 637 firmitatis
1063 605 1116 636 fuir
1132 608 1232 648 agitata
1255 606 1371 647 quaestio
1383 627 1392 640 ‚
1410 615 1493 647 quae,
1511 617 1544 639 ut

318 659 370 690 par
385 660 463 684 erat,
481 648 632 690 dijudicari
655 661 713 680 non
740 653 832 692 potuit
853 648 904 680 nisi
927 661 959 680 ex
975 651 1058 679 variis
1077 651 1291 691 experimentis.

347 692 420 722 Haec
436 703 537 734 magna
559 703 593 722 ex
609 703 684 733 parte
710 693 780 723 facta
799 693 860 724 sunt
881 696 911 724 in
936 692 1008 722 laete
1023 717 1031 730 ,
1050 694 1079 722 in
1094 694 1144 722 ovi
1163 690 1308 722 albumine
1323 713 1332 726 ,
1350 693 1380 721 in
1395 690 1543 733 sanguine,

317 735 350 764 ὅς
378 738 407 765 in
425 734 487 766 aliis
509 733 668 778 liquoribus
690 747 752 777 qua·
772 735 832 767 fust:
846 737 907 768 fiant
923 738 952 766 in
971 735 1197 766 Commentariis
1215 733 1373 778 descripta:
1395 733 1479 765 nobis
1500 733 1544 765 sa-

317 779 352 807 tis
371 776 456 809 fuerit
476 789 507 807 ea
531 779 651 808 strictim
667 777 803 810 delibare.

355 821 394 852 11.
426 819 559 851 Primum
584 821 702 862 quidem
717 833 836 853 exeunte
858 820 953 865 Aprili
974 821 1069 851 mense
1086 824 1156 852 anni
1177 826 1263 858 ¹669·
1279 831 1344 851 cum
1359 818 1429 850 laste
1446 817 1543 850 bubus

316 860 347 892 lo
370 866 439 894 varii
462 863 586 910 liquores
613 863 675 894 sunt
701 866 843 895 commisti
865 887 873 900 ‚
896 863 1048 907 coagulum
1074 864 1246 898 vitulinum,
1272 864 1368 894 succus
1386 866 1540 904 catapuciae

315 907 438 936 minoris
459 928 467 941 ,
484 908 595 949 [piritus
605 907 698 938 mellis
720 908 817 939 acidus
843 930 851 943 ‚
873 908 984 949 spiritus
1010 909 1077 937 nitri
1101 911 1130 938 ἃς
1168 906 1299 955 quaedam
1327 905 1539 948 adstringentia,

311 957 378 987 qua:
403 953 502 980 omnia
525 949 610 991 longe
625 949 710 982 citius
729 950 770 981 lac
789 950 990 993 coagulatum,
1006 949 1092 993 quam
1111 949 1159 980 ubi
1176 949 1266 980 lolum
1295 948 1348 980 fuit
1372 952 1430 978 aeri
1454 959 1540 990 expo-

315 988 411 1025 fitum.
436 991 482 1022 Sal
507 991 579 1022 fixus
600 996 630 1023 &
659 992 824 1036 sulphureus
851 995 944 1024 tartari
959 1004 1005 1023 aut
1026 996 1111 1030 nitri,
1134 991 1246 1035 spiritus
1267 992 1328 1022 salis
1346 994 1538 1026 ammoniaci.

314 1033 372 1064 mel
385 1056 394 1069 ‚
418 1034 595 1073 saccharum,
618 1039 649 1066 &
666 1036 768 1079 planta:
794 1047 865 1079 pene
887 1047 988 1066 omnes
1002 1038 1160 1066 aromatica:
1177 1038 1391 1065 concretionem
1405 1034 1541 1065 inhibue-

314 1086 380 1107 runt
403 1089 448 1109 aut
468 1077 703 1110 retardaverunt:
724 1091 787 1110 carn
810 1079 880 1109 vero
901 1089 953 1108 nec
979 1089 1150 1120 promovere
1164 1100 1174 1113 ‚
1204 1088 1256 1108 nec
1282 1088 1394 1108 moram
1415 1077 1481 1108 huic
1498 1087 1541 1108 at·

312 1118 439 1151 tulerunt
466 1119 503 1151 sal
521 1125 705 1156 communis,
729 1121 765 1152 sal
785 1133 925 1164 gemmae,
949 1119 1105 1163 hyssopus,
1128 1124 1186 1152 &a
1226 1138 1234 1146 ·

345 1164 400 1194 111.
425 1164 472 1194 De
494 1164 538 1193 his
557 1165 598 1194 D.
622 1164 674 1194 Du
689 1163 762 1195 Clos
785 1168 822 1195 ira
844 1163 1044 1206 Philosophari
1065 1163 1138 1194 visus
1161 1163 1198 1193 est
1223 1174 1257 1194 ex
1280 1164 1425 1205 principiis
1449 1160 1538 1206 vulgo

312 1209 434 1249 receptis
461 1209 492 1237 δε
521 1217 553 1236 ex
572 1217 692 1248 quatuor
715 1207 921 1238 clementorum
943 1209 1041 1249 primis
1063 1205 1256 1250 qualitatibus.
1285 1208 1318 1236 In
1333 1205 1413 1236 lactis
1433 1217 1539 1248 coagu-

312 1246 420 1279 latione
443 1248 548 1292 duplex
566 1252 689 1293 partium
714 1261 804 1293 genus
830 1250 964 1280 secretum
988 1248 1062 1284 fuit3
1085 1248 1146 1280 aliae
1167 1251 1244 1279 enim
1271 1259 1351 1279 erant
1372 1247 1537 1284 densiores,

310 1289 375 1322 alia:
397 1292 510 1325 serosae3
532 1292 589 1322 illae
613 1292 657 1322 vel
674 1303 753 1324 erant
777 1292 933 1335 sulpliureae
948 1314 955 1327 ‚
980 1304 1041 1335 qua:
1061 1295 1091 1322 in
1106 1291 1240 1333 butyrum
1254 1314 1262 1326 ‚
1278 1291 1322 1321 vel
1345 1302 1461 1323 terrena:
1473 1303 1537 1322 ma-

310 1335 377 1369 uis,
397 1345 460 1376 quat
476 1336 504 1364 in
522 1335 633 1366 caseum
652 1335 792 1367 abierunt.
815 1335 920 1366 Calore
941 1334 1001 1365 solo
1013 1358 1022 1370 ‚
1048 1346 1094 1365 aut
1118 1346 1199 1366 motu
1212 1335 1273 1377 ipso
1287 1335 1347 1364 haec
1364 1333 1397 1365 fit
1411 1337 1534 1377 partium

325 1380 430 1407 ecretio
443 1391 452 1409 2
476 1377 548 1408 adeo
564 1390 595 1409 ur
621 1390 712 1421 partes
736 1377 920 1410 solidiuscula:
944 1389 1007 1408 ante
1026 1377 1155 1420 dispersae
1180 1382 1206 1409 in
1220 1389 1310 1409 unum
1320 1388 1421 1408 coeant
1436 1400 1445 1412 ,
1461 1377 1534 1408 dum

311 1418 372 1450 aliae
389 1419 452 1451 aliis
475 1419 667 1452 adhaerescunt
681 1443 690 1456 ,
717 1432 750 1451 ac
762 1424 863 1465 quinta
882 1421 939 1452 fere
956 1432 1019 1463 pars
1039 1420 1119 1452 lastis
1138 1432 1197 1451 tum
1221 1422 1313 1451 calore
1339 1423 1412 1462 ignis
1433 1443 1442 1455 ‚
1471 1431 1534 1451 tum

309 1461 456 1493 additione
475 1464 620 1495 succorum
641 1463 852 1507 coagulantium
865 1463 922 1494 visa
943 1465 979 1494 cst
998 1464 1186 1494 concrescere.
1202 1463 1253 1493 Illa
1269 1468 1414 1495 concretio
1426 1465 1454 1494 in
1467 1466 1533 1494 ae're

309 1503 384 1536 ficco
402 1509 431 1537 ὅ(
456 1506 568 1542 calido,
594 1519 624 1538 ut
647 1510 676 1538 in
694 1507 785 1538 :estate
800 1507 887 1538 citius
903 1506 935 1537 fir
951 1517 1036 1548 quam
1056 1511 1084 1538 in
1103 1510 1169 1538 a'c're
1188 1506 1307 1536 humido
1330 1509 1359 1537 &
1376 1509 1448 1537 vetis
1461 1517 1532 1537 tcm-

306 1559 386 1590 pore.
399 1550 485 1581 Unde
500 1549 701 1592 adstringentia
722 1554 752 1581 δέ
767 1551 845 1582 acida
863 1562 925 1580 cam
945 1554 1155 1580 concretionem
1175 1561 1345 1593 promovent
1359 1571 1367 1584 ,
1388 1560 1447 1580 non
1461 1551 1532 1581 item

303 1601 369 1633 quae
394 1592 511 1622 humida
531 1592 616 1628 sunt,
639 1603 686 1623 aut
708 1593 861 1624 resolvunt.

336 1634 389 1665 lv.
421 1637 518 1666 Paucis
540 1637 600 1677 post
625 1634 724 1666 dicbus
751 1648 874 1667 ovorum
895 1634 1040 1666 albumina
1057 1639 1158 1679 agitata
1172 1639 1201 1666 δέ
1224 1634 1387 1677 despiimata
1404 1647 1468 1666 cum
1481 1647 1530 1666 va-

303 1678 353 1707 riis
374 1688 430 1720 quo
454 1690 487 1708 ue
509 1677 670 1720 liquoribus
689 1678 750 1709 sunt
772 1681 934 1719 conjunsta.
961 1680 1080 1720 Spiritus
1101 1680 1173 1709 acidi
1189 1679 1204 1708 ὲ
1220 1678 1272 1707 lale
1293 1681 1439 1708 communi
1453 1703 1461 1715 ‚
1480 1689 1528 1709 aut

303 1722 380 1750 nitro
403 1691 534 1751 extilillati
552 1720 664 1752 firmam
688 1725 901 1753 concretionem
922 1720 1040 1752 efficere
1052 1744 1062 1756 ‚
1077 1733 1133 1751 non
1150 1724 1218 1752 item
1239 1720 1334 1750 oleum
1350 1720 1456 1751 vitiioli
1469 1733 1527 1763 quo

302 1760 410 1794 fibrosa
435 1763 596 1807 coagulatio
621 1764 695 1795 fasta
718 1765 756 1795 est
775 1777 783 1799 ·‚
815 1764 924 1796 firmior
945 1764 960 1794 ὲ
981 1763 1080 1808 spiritu
1103 1764 1243 1808 sulphuris
1265 1786 1275 1798 ,
1296 1763 1374 1794 nulla
1395 1763 1410 1793 ὲ
1430 1763 1526 1807 spiritu

302 1805 396 1837 mellis
411 1807 493 1838 acido
517 1818 564 1838 aut
589 1818 623 1838 ex
637 1818 715 1838 aceto
741 1807 834 1838 secuta
858 1808 896 1838 cst
913 1810 1067 1838 concretio.

341 1851 463 1892 Spiritus
485 1848 546 1881 salis
567 1853 738 1882 ammoniaci
752 1876 760 1886 ,
788 1850 885 1882 oleum
905 1850 1003 1881 itidem
1026 1852 1121 1880 tartari
1143 1849 1252 1881 nullam
1274 1847 1524 1881 condtnl‘ationem

301 1902 503 1933 procrearunt:
531 1893 646 1935 spiritus
666 1896 726 1923 vini
746 1905 829 1936 purus
858 1893 921 1924 satis
941 1891 1072 1928 firmam,
1095 1892 1139 1922 scd
1165 1896 1192 1922 in
1218 1903 1333 1933 grumos
1347 1892 1465 1922 divisam
1478 1905 1523 1923 ex-

303 1934 415 1967 hibuit:
443 1935 536 1967 succus
553 1935 570 1966 ὲ
593 1939 730 1978 cataputia
748 1940 859 1967 minore
879 1936 1040 1979 exprcll'us,
1061 1935 1096 1965 sal
1118 1938 1309 1965 ammoniacus
1331 1937 1358 1964 in
1376 1935 1524 1977 pulverem

302 1982 457 2014 contritus,
481 1978 518 2010 sal
539 1978 709 2019 perficam,
736 1979 773 2010 sal
799 1983 911 2014 tartari,
941 1979 976 2009 sal
1001 1981 1162 2009 communis
1184 1978 1256 2009 nihil
1271 1979 1303 2007 tle
1324 1975 1460 2009 fluiditate
1475 1979 1521 2009 al-

302 2019 454 2053 huminum
471 2021 671 2053 detraxerunt:
697 2022 741 2052 sed
767 2021 898 2053 vallatum
916 2024 1072 2053 extractum
1101 2032 1262 2063 promgmm
1293 2021 1519 2061 coagulationem

303 2065 335 2092 &
364 2062 476 2096 firmam
500 2065 600 2100 dedit,
625 2068 666 2096 uti
691 2068 720 2095 ὃς
739 2035 872 2096 alumen:
894 2065 1001 2096 vitrioli
1019 2068 1113 2107 cuprei
1135 2065 1212 2106 quotl
1242 2063 1349 2094 ferrum
1369 2064 1454 2095 rubro
1467 2075 1519 2094 co-

301 2106 362 2137 301'2
383 2106 494 2150 inficit,
520 2105 668 2141 dissolutio
683 2109 859 2141 mediocrem
880 2107 1107 2152 coagulationem
1120 2129 1129 2145 ,
1153 2107 1262 2138 vittioli
1284 2109 1444 2143 Mattis‚ut
1464 2118 1519 2139 vo-
