1638 2345
216 231 309 263 ἉΝΝ.

224 282 306 317 ¹672·

332 188 384 218 '120
618 179 805 214 REGIAE
848 178 1262 213 scerTlARUM

334 226 570 261 suntintestinis‚
595 237 668 268 quos
690 237 748 256 non
770 221 962 267 deglutierat,
984 225 1062 265 iique
1088 221 1165 253 leves
1191 221 1350 254 admodum
1375 233 1453 254 erant
1468 244 1478 259 ,
1499 229 1574 257 unm*

333 285 368 304 ex
391 275 424 303 iis
448 281 531 344 cffput
559 268 661 300 musca:
683 271 760 299 intus
781 264 950 298 conclusum
977 265 1111 298 habebat.
1136 265 1222 298 Plura
1245 269 1275 297 in
1302 264 1492 310 descriptione
1515 267 1574 312 ips2

335 317 392 359 legi
414 326 453 358 po
479 325 538 345 unt.

779 435 1041 474 CAPUT
1080 433 1169 470 111.

336 525 485 567 Cameli,
519 525 596 575 Vtfi
611 549 622 568 ,
650 532 756 577 capra
797 521 909 573 Lybicae
941 551 952 568 ,
977 521 1016 562 ό·
1047 522 1181 557 aliarum
1209 519 1346 568 Historia
1375 521 1580 559 anatomia:

340 617 363 648 1.
450 613 482 644 N
505 613 549 643 his
571 610 657 655 paulo
680 610 842 654 longiorem
860 620 907 640 me
935 607 1016 639 fuisse
1040 607 1130 639 sentio
1146 629 1155 643 ,
1181 605 1229 637 sed
1253 606 1368 638 brevior
1392 610 1422 638 in
1448 606 1510 639 aliis
1532 605 1579 639 fud

401 615 437 689 I
452 666 528 686 turus
551 654 622 686 sum.
645 655 741 699 Atque
764 665 793 685 ut
810 653 880 683 editi
898 653 1007 695 Operis
1020 650 1152 682 ordinem
1167 649 1264 692 sequar
1277 672 1287 685 ‚
1300 649 1436 681 Camelus
1451 653 1501 693 qui
1513 650 1581 682 vul.·

342 711 380 744 go
407 698 548 743 appellari
566 696 636 729 solet
653 697 863 728 Dromedarius
877 717 886 731 ‚
900 693 975 726 forte
999 693 1039 724 ob
1056 694 1151 725 cursus
1165 694 1339 724 celeritatem
1357 696 1465 735 primus
1478 704 1582 725 occur-¹

344 747 390 775 rit.
421 746 456 774 ln
476 753 511 773 eo
535 740 626 772 multa
648 752 727 772 erant
755 738 958 771 observatione
979 736 1066 779 digna
1094 748 1154 768 tuni
1175 738 1204 766 in
1224 736 1319 767 forma
1337 738 1495 773 exteriori,
1519 748 1581 768 tum

346 790 432 818 etiam
447 788 476 816 in
500 783 627 828 partibus
647 782 844 814 interioribus:
860 779 979 812 dorsum
993 779 1147 822 gibbosum
1159 779 1292 814 videtur,
1304 789 1398 821 neque
1415 780 1453 810 est
1472 790 1579 813 tamen:

349 841 416 861 nam
437 828 540 871 gibbus
561 827 610 857 ille
624 838 658 857 ex
680 825 745 869 pilis
766 824 945 868 longioribus
968 826 998 854 ὅ(
1019 822 1110 854 densis
1124 845 1134 859 ,
1160 833 1219 853 non
1241 833 1275 852 ex
1293 831 1376 852 carne
1389 823 1506 854 constat.
1520 823 1585 854 Ge-

351 884 407 904 nua
423 877 451 904 &
473 869 583 902 femora
604 869 680 900 callo
704 868 834 899 solidiori
858 867 1063 902 obducuntur,
1086 869 1133 897 cui
1152 869 1264 897 innixus
1279 864 1426 896 recumbit.
1443 868 1476 896 ln
1491 867 1588 898 sterno

353 916 432 947 aliud
451 915 489 946 est
505 912 610 946 callum
634 911 721 955 longe
735 915 826 954 majus
844 910 916 942 moli
934 912 1065 954 corporis
1084 908 1250 940 sustinenda:
1260 930 1271 945 ‚
1284 919 1350 940 curn
1368 919 1519 945 oneratur,
1534 921 1585 953 ap-

354 969 458 990 tatum.

389 1004 522 1042 Qatuor
544 1001 610 1030 huic
631 998 727 1031 insunt
745 997 922 1038 ventriculi,
945 1007 977 1028 ut
991 999 1021 1028 in
1042 996 1262 1028 ruminantibus
1277 998 1311 1027 In
1332 997 1426 1038 primo
1442 998 1513 1027 varii
1524 995 1587 1028 sunt

358 1044 459 1075 sacculi
477 1067 487 1079 ,
511 1042 649 1074 secundus
668 1045 698 1072 in
724 1042 818 1086 plures
837 1040 912 1072 finus
926 1051 1062 1082 tanquam
1086 1043 1115 1069 in
1133 1042 1226 1070 varios
1242 1038 1365 1069 sacculos
1377 1038 1471 1069 multo
1485 1042 1518 1070 iis
1535 1042 1588 1071 mi-

355 1098 440 1118 nores
451 1109 459 1122 ‚
472 1085 559 1129 quim
570 1088 619 1128 qui
635 1088 729 1128 primo
742 1085 837 1116 insunt
847 1083 1009 1115 ventriculo
1022 1105 1030 1117 ,
1044 1082 1192 1113 dividitur.
1218 1084 1261 1113 Hi
1284 1081 1384 1112 sacculi
1409 1081 1504 1113 herbis
1528 1087 1588 1125 jam

357 1131 454 1172 aliqua
464 1141 497 1160 ex
507 1139 584 1172 parte
595 1129 707 1170 digestis
718 1127 794 1171 pleni
807 1126 896 1158 solent
906 1136 1039 1170 apparere
1050 1138 1057 1157 ι
1069 1125 1140 1156 adeo
1154 1136 1184 1156 ut
1197 1136 1255 1156 non
1265 1124 1318 1156 fint
1328 1135 1405 1167 aquae
1415 1135 1593 1157 coacervate

358 1171 570 1215 conceptacula.
594 1173 637 1202 Hi
658 1170 730 1202 sinus
751 1170 880 1212 quadrati
896 1180 975 1201 erant
995 1173 1025 1199 δε
1047 1180 1168 1199 numero
1186 1171 1298 1211 viginti.
1312 1168 1402 1198 Nunc
1416 1168 1450 1198 de
1464 1168 1551 1200 Urso.

399 1215 466 1248 Ursi
488 1214 578 1258 figura
597 1217 722 1245 exterior
747 1212 834 1252 vulgo
858 1213 896 1243 est
919 1211 1081 1243 notissima:
1102 1210 1233 1242 deforme
1249 1211 1355 1241 animal
1369 1222 1517 1254 propterea
1539 1216 1592 1255 ju..

362 1258 494 1294 dicatur,
512 1257 591 1300 quod
615 1258 771 1287 humanam
788 1254 911 1286 formam
939 1254 1072 1298 perverse
1092 1257 1240 1289 imitetur,
1264 1256 1306 1285 uti
1330 1257 1360 1285 &
1388 1253 1488 1286 simia:
1511 1254 1593 1298 quod

364 1305 538 1346 praecipuum
563 1301 600 1331 est
617 1303 645 1330 in
665 1310 751 1330 manu
766 1302 795 1330 &
820 1300 848 1328 in
865 1297 935 1342 pede
957 1299 1084 1329 humano
1099 1319 1109 1332 ‚
1135 1297 1165 1329 id
1189 1299 1217 1328 in
1230 1297 1306 1329 Urso
1322 1296 1434 1328 videtur
1452 1297 1592 1340 deprava-

366 1356 437 1375 tum.
458 1346 562 1375 Manus
577 1344 702 1374 hominis
721 1345 759 1372 ita
776 1342 814 1372 est
824 1340 1005 1372 conformata
1019 1364 1026 1376 ,
1043 1352 1074 1371 ut
1092 1352 1126 1370 ex
1143 1343 1270 1384 quinque
1288 1340 1386 1381 digitis
1401 1351 1524 1382 quatuor
1537 1340 1595 1371 unx}

367 1389 514 1430 conjunCti
531 1386 659 1428 ejusdem
676 1397 747 1428 pene
766 1384 865 1428 speciei
888 1384 1056 1417 videantur,
1081 1394 1153 1414 unus
1174 1383 1209 1414 ab
1232 1383 1293 1413 aliis
1314 1381 1420 1414 divisus
1445 1386 1593 1427 praecipuae

369 1431 472 1462 mansis
494 1432 694 1470 aetioni,quae
715 1429 753 1459 cst
774 1439 840 1458 corn
864 1426 1009 1462 rehensro‚
1031 1427 1171 1461 infervm
1190 1437 1237 1469 pes
1257 1426 1327 1456 vero
1342 1437 1375 1456 ex
1388 1424 1448 1457 talo
1465 1430 1494 1457 ὅ(
1510 1431 1595 1469 quin.

369 1485 424 1516 que
438 1474 534 1517 digitis
553 1473 662 1503 constat
684 1470 742 1502 talo
758 1482 835 1514 oppo
849 1473 894 1501 rtis
907 1490 916 1506 ‚
937 1481 968 1500 ut
984 1469 1096 1500 firmior
1108 1469 1140 1500 sit
1160 1473 1218 1510 ejus
1232 1468 1365 1504 ineess'us,
1393 1479 1457 1500 mm
1474 1470 1522 1500 lias
1533 1483 1595 1514 par-

370 1528 411 1547 tes
426 1516 543 1547 diversis
565 1513 661 1557 figuris
684 1525 836 1556 corporum
865 1524 928 1555 quae
950 1516 1055 1555 premit
1077 1512 1237 1543 incedendo
1263 1538 1271 1551 ‚
1302 1512 1381 1542 varie
1405 1511 1536 1555 applicat.
1561 1516 1595 1544 In

371 1560 449 1592 Urso
468 1561 510 1590 hae
533 1569 625 1602 partes
642 1557 765 1588 carnosae
778 1578 788 1592 ,
811 1567 841 1587 ur
858 1559 886 1586 in
907 1557 1043 1591 homine,
1066 1559 1095 1587 ὃ(
1118 1558 1244 1599 quinque
1264 1555 1358 1598 digitis
1383 1556 1541 1591 instruetae,
1562 1568 1597 1587 os

372 1602 423 1633 tali
445 1605 545 1632 itidem
563 1601 648 1631 breve
682 1611 790 1643 partem
814 1598 917 1642 plantae
933 1602 961 1628 in
979 1598 1048 1640 pede
1062 1598 1148 1629 efficit
1163 1610 1170 1632 ;
1189 1601 1217 1629 in
1239 1610 1323 1629 manu
1336 1598 1434 1629 itidem
1451 1598 1506 1628 offa
1518 1602 1597 1643 carpi

373 1649 403 1676 in
417 1656 507 1676 unum
531 1644 651 1674 collecta
674 1647 703 1673 &
732 1654 805 1686 pene
826 1642 951 1683 aequalia.
971 1641 1027 1672 Sed
1072 1641 1147 1672 oller
1169 1641 1204 1672 ab
1226 1641 1288 1672 aliis
1314 1641 1408 1683 digitis
1431 1653 1488 1672 non
1505 1643 1597 1684 sejun-

375 1691 467 1730 gitur,
493 1691 595 1730 quique
615 1685 734 1717 crassitie
757 1685 802 1716 sua
823 1685 958 1728 pollicem
982 1653 1114 1716 exhigere
1135 1685 1245 1728 potest,
1265 1687 1288 1715 is
1314 1685 1470 1715 extrorsum
1490 1684 1597 1728 positu:

375 1731 458 1772 digiti
482 1733 596 1762 minimi
620 1729 714 1760 locum
731 1739 807 1759 tenet

412 1775 555 1805 Srrustura
575 1784 674 1804 renum
688 1775 820 1802 omnium
837 1770 936 1801 oculos
957 1774 986 1801 in
1011 1770 1035 1802 se
1055 1774 1218 1803 convertit:
1237 1769 1316 1814 longi
1328 1782 1405 1802 crant
1420 1774 1448 1802 ὅ(
1465 1769 1511 1801 lati
1523 1793 1532 1806 ,
1550 1782 1598 1802 eos

376 1817 540 1847 involvebat
553 1816 719 1846 membrana
728 1826 790 1857 qua:
805 1814 918 1858 adiposa
930 1832 936 1843 ι
949 1817 1030 1845 isitur
1044 1827 1051 1844 ε
1068 1813 1114 1845 sed
1134 1826 1189 1856 qna
1209 1825 1269 1844 erat
1290 1826 1320 1845 ur
1343 1814 1482 1857 reliquum
1496 1825 1598 1856 corpus

378 1859 461 1902 adipe
482 1860 620 1892 destituta.
645 1860 723 1888 Huic
744 1857 866 1898 subit-Cla
893 1868 951 1888 erat
973 1856 1027 1887 alia
1051 1859 1215 1888 membrana
1241 1868 1303 1899 qtae
1326 1869 1424 1888 renum
1442 1859 1600 1900 parenchy-

379 1906 449 1933 mati
474 1903 650 1934 cohme-bat:
678 1901 722 1931 scd
740 1900 902 1943 complures
917 1900 1085 1930 renunculos
1102 1900 1154 1931 suis
1169 1905 1291 1943 proprius
1310 1899 1481 1931 numbranis
1499 1902 1601 1932 instru-

382 1947 442 1976 &os
466 1947 548 1976 instar
574 1945 642 1975 sacci
671 1944 833 1975 conrintbat
864 1944 905 1973 Hi
930 1945 1002 1974 inter
1026 1943 1052 1973 sc
1067 1954 1145 1974 crant
1166 1944 1296 1975 tentibus
1318 1943 1397 1974 fiinis
1413 1947 1443 1974 δε
1460 1943 1600 1975 membra·

381 1988 456 2019 milis
472 2000 503 2018 ex
525 1991 629 2029 mijori
650 1991 680 2018 ὃ(
702 1989 847 2017 communi
869 1985 1036 2016 membrana
1052 1990 1121 2016 ortis
1140 1988 1259 2017 conserti
1286 1991 1314 2018 ὃ(
1340 1987 1395 2017 coll
1409 1990 1465 2029 gxii
1479 2010 1488 2021 ,
1518 1987 1602 2029 idque

382 2030 559 2074 potissimum
585 2034 611 2061 in
633 2041 709 2074 parte
728 2042 793 2060 c-iva
816 2040 914 2059 renum
947 2030 1026 2059 Nam
1048 2031 1077 2059 in
1097 2029 1179 2071 gibba
1199 2042 1256 2060 non
1277 2033 1312 2060 ita
1335 2032 1407 2061 inter
1432 2028 1456 2060 st·
1477 2031 1603 2061 cohme·

383 2075 468 2109 bant',
493 2074 624 2117 cujusque
638 2073 783 2104 renunculi
798 2071 867 2103 baiis
886 2070 954 2102 foris
976 2072 1028 2103 lata
1042 2083 1118 2103 erat:
1148 2073 1193 2103 (ed
1208 2085 1308 2103 omncs
1322 2076 1395 2104 intus
1414 2076 1442 2103 in
1457 2073 1604 2115 angustum

384 2116 543 2148 desinebant
558 2130 566 2153 ·‚
588 2116 738 2147 mediocriz
757 2116 890 2147 castam-:z
905 2114 1011 2145 molem
1027 2127 1055 2145 ut
1072 2115 1228 2159 plurimum
1243 2116 1401 2160 aequabam.
1420 2118 1525 2146 Eorum
1538 2126 1604 2146 con-

382 2164 473 2202 geries
496 2164 556 2192 latis
580 2160 643 2205 apte
660 2171 763 2192 nucem
784 2170 896 2203 pineam
915 2157 1063 2192 referebat.

1364 2205 1606 2245 Unumqucmque
