<?xml version="1.0" encoding="UTF-8"?>
<!DOCTYPE html PUBLIC "-//W3C//DTD XHTML 1.0 Transitional//EN"
    "http://www.w3.org/TR/xhtml1/DTD/xhtml1-transitional.dtd">
<html xmlns="http://www.w3.org/1999/xhtml" xml:lang="en" lang="en">
 <head>
  <title>
</title>
<meta http-equiv="Content-Type" content="text/html;charset=utf-8" />
  <meta name='ocr-system' content='tesseract 3.04.00' />
  <meta name='ocr-capabilities' content='ocr_page ocr_carea ocr_par ocr_line ocrx_word'/>
</head>
<body>
  <div class='ocr_page' id='page_1' title='image "./regiscientiaru98duha_0344.png"; bbox 0 0 1638 2345; ppageno 0'>
   <div class='ocr_carea' id='block_1_1' title="bbox 171 123 1556 1516">
    <p class='ocr_par' dir='ltr' id='par_1_1' title="bbox 286 123 1219 179">
     <span class='ocr_line' id='line_1_1' title="bbox 286 123 1219 179; baseline -0.017 -10"><span class='ocrx_word' id='word_1_1' title='bbox 286 150 341 179; x_wconf 79' lang='lat'>322</span> <span class='ocrx_word' id='word_1_2' title='bbox 615 130 783 165; x_wconf 77' lang='lat' dir='ltr'><strong>REGIAE</strong></span> <span class='ocrx_word' id='word_1_3' title='bbox 832 123 1219 159; x_wconf 80' lang='lat' dir='ltr'>SCIENTIARUM</span> 
     </span>
    </p>

    <p class='ocr_par' dir='ltr' id='par_1_2' title="bbox 171 164 1523 215">
     <span class='ocr_line' id='line_1_2' title="bbox 171 164 1523 215; baseline -0.013 0"><span class='ocrx_word' id='word_1_4' title='bbox 171 185 260 215; x_wconf 55' lang='lat' dir='ltr'>Ami.</span> <span class='ocrx_word' id='word_1_5' title='bbox 284 193 414 213; x_wconf 82' lang='lat' dir='ltr'>centrum</span> <span class='ocrx_word' id='word_1_6' title='bbox 438 182 464 212; x_wconf 87' lang='lat' dir='ltr'>K</span> <span class='ocrx_word' id='word_1_7' title='bbox 487 182 593 210; x_wconf 80' lang='lat' dir='ltr'>vitrum</span> <span class='ocrx_word' id='word_1_8' title='bbox 613 185 774 207; x_wconf 87' lang='lat' dir='ltr'>convexum</span> <span class='ocrx_word' id='word_1_9' title='bbox 797 173 819 203; x_wconf 85' lang='lat' dir='ltr'>E</span> <span class='ocrx_word' id='word_1_10' title='bbox 836 172 866 204; x_wconf 85' lang='lat' dir='ltr'>R</span> <span class='ocrx_word' id='word_1_11' title='bbox 879 197 888 211; x_wconf 94' lang='lat'><em>‚</em></span> <span class='ocrx_word' id='word_1_12' title='bbox 906 174 988 209; x_wconf 80' lang='lat' dir='ltr'>cujus</span> <span class='ocrx_word' id='word_1_13' title='bbox 1011 168 1091 199; x_wconf 85' lang='lat' dir='ltr'>focus</span> <span class='ocrx_word' id='word_1_14' title='bbox 1111 165 1259 198; x_wconf 80' lang='lat' dir='ltr'>absolutus</span> <span class='ocrx_word' id='word_1_15' title='bbox 1274 164 1305 197; x_wconf 81' lang='lat' dir='ltr'>fit</span> <span class='ocrx_word' id='word_1_16' title='bbox 1323 166 1352 196; x_wconf 93' lang='lat' dir='ltr'>in</span> <span class='ocrx_word' id='word_1_17' title='bbox 1375 169 1394 198; x_wconf 86' lang='lat' dir='ltr'>F</span> <span class='ocrx_word' id='word_1_18' title='bbox 1410 168 1444 203; x_wconf 88' lang='lat'>1,</span> <span class='ocrx_word' id='word_1_19' title='bbox 1467 166 1523 197; x_wconf 85' lang='lat' dir='ltr'>hoc</span> 
     </span>
    </p>

    <p class='ocr_par' dir='ltr' id='par_1_3' title="bbox 177 211 1533 654">
     <span class='ocr_line' id='line_1_3' title="bbox 177 211 1523 266; baseline -0.014 -7"><span class='ocrx_word' id='word_1_20' title='bbox 177 231 270 266; x_wconf 70' lang='lat'><strong>1694-</strong></span> <span class='ocrx_word' id='word_1_21' title='bbox 286 226 324 256; x_wconf 84' lang='lat' dir='ltr'>cst</span> <span class='ocrx_word' id='word_1_22' title='bbox 345 248 354 261; x_wconf 94' lang='lat'><em>,</em></span> <span class='ocrx_word' id='word_1_23' title='bbox 383 224 476 256; x_wconf 77' lang='lat' dir='ltr'>radios</span> <span class='ocrx_word' id='word_1_24' title='bbox 497 221 572 263; x_wconf 62' lang='lat' dir='ltr'>quasi</span> <span class='ocrx_word' id='word_1_25' title='bbox 597 217 749 262; x_wconf 75' lang='lat' dir='ltr'>parallelos</span> <span class='ocrx_word' id='word_1_26' title='bbox 768 218 911 259; x_wconf 80' lang='lat' dir='ltr'>excipiens</span> <span class='ocrx_word' id='word_1_27' title='bbox 933 213 969 246; x_wconf 79' lang='lat' dir='ltr'>stc</span> <span class='ocrx_word' id='word_1_28' title='bbox 991 211 1119 243; x_wconf 66' lang='lat' dir='ltr'>inflectat</span> <span class='ocrx_word' id='word_1_29' title='bbox 1132 233 1142 246; x_wconf 94' lang='lat'>‚</span> <span class='ocrx_word' id='word_1_30' title='bbox 1161 220 1192 240; x_wconf 92' lang='lat' dir='ltr'>ut</span> <span class='ocrx_word' id='word_1_31' title='bbox 1215 220 1387 241; x_wconf 79' lang='lat' dir='ltr'>concurrant</span> <span class='ocrx_word' id='word_1_32' title='bbox 1407 212 1437 241; x_wconf 87' lang='lat' dir='ltr'>in</span> <span class='ocrx_word' id='word_1_33' title='bbox 1454 212 1472 240; x_wconf 86' lang='lat' dir='ltr'>F</span> <span class='ocrx_word' id='word_1_34' title='bbox 1488 211 1499 240; x_wconf 96' lang='lat'>1</span> <span class='ocrx_word' id='word_1_35' title='bbox 1514 223 1523 240; x_wconf 91' lang='lat'><em>:</em></span> 
     </span>
     <span class='ocr_line' id='line_1_4' title="bbox 286 251 1526 311; baseline -0.016 -11"><span class='ocrx_word' id='word_1_36' title='bbox 286 280 370 311; x_wconf 80' lang='lat' dir='ltr'>atque</span> <span class='ocrx_word' id='word_1_37' title='bbox 395 270 435 299; x_wconf 79' lang='lat' dir='ltr'>ita</span> <span class='ocrx_word' id='word_1_38' title='bbox 455 266 556 297; x_wconf 78' lang='lat' dir='ltr'>oculus</span> <span class='ocrx_word' id='word_1_39' title='bbox 577 263 608 294; x_wconf 77' lang='lat' dir='ltr'>sit</span> <span class='ocrx_word' id='word_1_40' title='bbox 622 260 819 292; x_wconf 79' lang='lat' dir='ltr'>conformatus</span> <span class='ocrx_word' id='word_1_41' title='bbox 842 269 872 289; x_wconf 83' lang='lat' dir='ltr'>ut</span> <span class='ocrx_word' id='word_1_42' title='bbox 891 258 984 289; x_wconf 82' lang='lat' dir='ltr'>radios</span> <span class='ocrx_word' id='word_1_43' title='bbox 1002 254 1078 298; x_wconf 74' lang='lat' dir='ltr'>quast</span> <span class='ocrx_word' id='word_1_44' title='bbox 1102 252 1252 298; x_wconf 76' lang='lat' dir='ltr'>parallelos</span> <span class='ocrx_word' id='word_1_45' title='bbox 1275 263 1333 283; x_wconf 84' lang='lat' dir='ltr'>non</span> <span class='ocrx_word' id='word_1_46' title='bbox 1345 252 1460 296; x_wconf 56' lang='lat' dir='ltr'>colligat</span> <span class='ocrx_word' id='word_1_47' title='bbox 1474 251 1526 283; x_wconf 80' lang='lat' dir='ltr'>nifi</span> 
     </span>
     <span class='ocr_line' id='line_1_5' title="bbox 287 295 1525 346; baseline -0.014 -3"><span class='ocrx_word' id='word_1_48' title='bbox 287 315 318 343; x_wconf 88' lang='lat' dir='ltr'>in</span> <span class='ocrx_word' id='word_1_49' title='bbox 340 310 459 342; x_wconf 79' lang='lat' dir='ltr'>eandem</span> <span class='ocrx_word' id='word_1_50' title='bbox 484 307 602 339; x_wconf 72' lang='lat' dir='ltr'>tendant</span> <span class='ocrx_word' id='word_1_51' title='bbox 623 304 728 336; x_wconf 75' lang='lat' dir='ltr'>lineam</span> <span class='ocrx_word' id='word_1_52' title='bbox 747 307 765 336; x_wconf 79' lang='lat' dir='ltr'>F</span> <span class='ocrx_word' id='word_1_53' title='bbox 780 306 804 335; x_wconf 85' lang='lat'>1.</span> <span class='ocrx_word' id='word_1_54' title='bbox 841 304 884 334; x_wconf 88' lang='lat' dir='ltr'>Sit</span> <span class='ocrx_word' id='word_1_55' title='bbox 905 312 991 346; x_wconf 86' lang='lat' dir='ltr'>porro</span> <span class='ocrx_word' id='word_1_56' title='bbox 1013 299 1161 340; x_wconf 66' lang='lat' dir='ltr'>objectum</span> <span class='ocrx_word' id='word_1_57' title='bbox 1181 298 1208 327; x_wconf 93' lang='lat' dir='ltr'>T</span> <span class='ocrx_word' id='word_1_58' title='bbox 1222 299 1270 334; x_wconf 87' lang='lat' dir='ltr'>V,</span> <span class='ocrx_word' id='word_1_59' title='bbox 1294 305 1326 325; x_wconf 85' lang='lat' dir='ltr'>ac</span> <span class='ocrx_word' id='word_1_60' title='bbox 1345 295 1416 327; x_wconf 78' lang='lat' dir='ltr'>radii</span> <span class='ocrx_word' id='word_1_61' title='bbox 1436 299 1463 327; x_wconf 93' lang='lat' dir='ltr'>T</span> <span class='ocrx_word' id='word_1_62' title='bbox 1479 297 1500 326; x_wconf 81' lang='lat' dir='ltr'>E</span> <span class='ocrx_word' id='word_1_63' title='bbox 1515 318 1525 332; x_wconf 94' lang='lat'><em>,</em></span> 
     </span>
     <span class='ocr_line' id='line_1_6' title="bbox 289 338 1529 393; baseline -0.018 -6"><span class='ocrx_word' id='word_1_64' title='bbox 289 358 320 386; x_wconf 87' lang='lat'>&amp;</span> <span class='ocrx_word' id='word_1_65' title='bbox 341 356 397 387; x_wconf 84' lang='lat' dir='ltr'>Ts</span> <span class='ocrx_word' id='word_1_66' title='bbox 417 355 451 385; x_wconf 80' lang='lat' dir='ltr'>ab</span> <span class='ocrx_word' id='word_1_67' title='bbox 472 350 574 382; x_wconf 59' lang='lat' dir='ltr'>eodem</span> <span class='ocrx_word' id='word_1_68' title='bbox 592 350 700 393; x_wconf 61' lang='lat' dir='ltr'>punilo</span> <span class='ocrx_word' id='word_1_69' title='bbox 717 349 745 379; x_wconf 88' lang='lat' dir='ltr'><strong>T</strong></span> <span class='ocrx_word' id='word_1_70' title='bbox 769 345 845 391; x_wconf 81' lang='lat' dir='ltr'>quasi</span> <span class='ocrx_word' id='word_1_71' title='bbox 861 344 989 388; x_wconf 78' lang='lat' dir='ltr'>paralleli</span> <span class='ocrx_word' id='word_1_72' title='bbox 1011 345 1108 382; x_wconf 75' lang='lat' dir='ltr'>exire,</span> <span class='ocrx_word' id='word_1_73' title='bbox 1128 343 1169 372; x_wconf 87' lang='lat' dir='ltr'>uti</span> <span class='ocrx_word' id='word_1_74' title='bbox 1192 343 1222 370; x_wconf 86' lang='lat'>&amp;</span> <span class='ocrx_word' id='word_1_75' title='bbox 1247 342 1271 370; x_wconf 87' lang='lat' dir='ltr'>V</span> <span class='ocrx_word' id='word_1_76' title='bbox 1291 339 1320 369; x_wconf 80' lang='lat' dir='ltr'>R</span> <span class='ocrx_word' id='word_1_77' title='bbox 1335 360 1345 374; x_wconf 93' lang='lat'><em>,</em></span> <span class='ocrx_word' id='word_1_78' title='bbox 1369 341 1398 369; x_wconf 69' lang='grc' dir='ltr'>ὅ(</span> <span class='ocrx_word' id='word_1_79' title='bbox 1425 343 1451 371; x_wconf 88' lang='lat' dir='ltr'>V</span> <span class='ocrx_word' id='word_1_80' title='bbox 1467 341 1486 370; x_wconf 87' lang='lat' dir='ltr'><strong>s</strong></span> <span class='ocrx_word' id='word_1_81' title='bbox 1512 338 1529 369; x_wconf 69' lang='grc' dir='ltr'>ὃ,</span> 
     </span>
     <span class='ocr_line' id='line_1_7' title="bbox 288 380 1532 441; baseline -0.014 -12"><span class='ocrx_word' id='word_1_82' title='bbox 288 401 398 441; x_wconf 65' lang='lat' dir='ltr'>pun-sto</span> <span class='ocrx_word' id='word_1_83' title='bbox 418 400 447 428; x_wconf 87' lang='lat' dir='ltr'>V</span> <span class='ocrx_word' id='word_1_84' title='bbox 468 394 582 438; x_wconf 84' lang='lat' dir='ltr'>prodire</span> <span class='ocrx_word' id='word_1_85' title='bbox 604 393 813 435; x_wconf 83' lang='lat' dir='ltr'>concipiantur.</span> <span class='ocrx_word' id='word_1_86' title='bbox 862 392 922 431; x_wconf 84' lang='lat' dir='ltr'>Qi</span> <span class='ocrx_word' id='word_1_87' title='bbox 943 387 1092 432; x_wconf 81' lang='lat' dir='ltr'>postquam</span> <span class='ocrx_word' id='word_1_88' title='bbox 1124 388 1229 414; x_wconf 80' lang='lat' dir='ltr'>vitxuni</span> <span class='ocrx_word' id='word_1_89' title='bbox 1254 380 1472 425; x_wconf 78' lang='lat' dir='ltr'>pertransierunt</span> <span class='ocrx_word' id='word_1_90' title='bbox 1500 384 1532 412; x_wconf 86' lang='lat' dir='ltr'>in</span> 
     </span>
     <span class='ocr_line' id='line_1_8' title="bbox 289 427 1531 484; baseline -0.014 -13"><span class='ocrx_word' id='word_1_91' title='bbox 289 444 404 484; x_wconf 58' lang='lat' dir='ltr'>punc-lis</span> <span class='ocrx_word' id='word_1_92' title='bbox 424 442 436 470; x_wconf 91' lang='grc' dir='ltr'>Ι</span> <span class='ocrx_word' id='word_1_93' title='bbox 454 442 482 470; x_wconf 70' lang='grc' dir='ltr'>ὅ(</span> <span class='ocrx_word' id='word_1_94' title='bbox 503 441 519 469; x_wconf 87' lang='lat' dir='ltr'>F</span> <span class='ocrx_word' id='word_1_95' title='bbox 540 446 733 472; x_wconf 81' lang='lat' dir='ltr'>concurrent,</span> <span class='ocrx_word' id='word_1_96' title='bbox 755 447 803 478; x_wconf 88' lang='lat' dir='ltr'>per</span> <span class='ocrx_word' id='word_1_97' title='bbox 823 433 917 465; x_wconf 71' lang='lat' dir='ltr'>radios</span> <span class='ocrx_word' id='word_1_98' title='bbox 934 434 1091 477; x_wconf 61' lang='lat' dir='ltr'>prxcipuos</span> <span class='ocrx_word' id='word_1_99' title='bbox 1104 431 1131 460; x_wconf 85' lang='lat' dir='ltr'>T</span> <span class='ocrx_word' id='word_1_100' title='bbox 1145 429 1162 459; x_wconf 90' lang='lat' dir='ltr'>S</span> <span class='ocrx_word' id='word_1_101' title='bbox 1180 430 1211 462; x_wconf 87' lang='lat' dir='ltr'>l,</span> <span class='ocrx_word' id='word_1_102' title='bbox 1236 429 1266 457; x_wconf 56' lang='grc' dir='ltr'>ἃ</span> <span class='ocrx_word' id='word_1_103' title='bbox 1284 428 1308 455; x_wconf 95' lang='lat' dir='ltr'>V</span> <span class='ocrx_word' id='word_1_104' title='bbox 1323 427 1340 455; x_wconf 87' lang='lat' dir='ltr'>S</span> <span class='ocrx_word' id='word_1_105' title='bbox 1356 427 1374 455; x_wconf 87' lang='lat' dir='ltr'>F</span> <span class='ocrx_word' id='word_1_106' title='bbox 1386 447 1396 460; x_wconf 90' lang='lat'>‚</span> <span class='ocrx_word' id='word_1_107' title='bbox 1412 428 1461 468; x_wconf 83' lang='lat' dir='ltr'>qui</span> <span class='ocrx_word' id='word_1_108' title='bbox 1481 435 1531 467; x_wconf 82' lang='lat' dir='ltr'>pet</span> 
     </span>
     <span class='ocr_line' id='line_1_9' title="bbox 292 466 1533 522; baseline -0.014 -8"><span class='ocrx_word' id='word_1_109' title='bbox 292 490 422 514; x_wconf 61' lang='lat' dir='ltr'>c-‘ntrnm</span> <span class='ocrx_word' id='word_1_110' title='bbox 439 485 506 513; x_wconf 82' lang='lat' dir='ltr'>vitri</span> <span class='ocrx_word' id='word_1_111' title='bbox 522 484 540 513; x_wconf 89' lang='lat' dir='ltr'>S</span> <span class='ocrx_word' id='word_1_112' title='bbox 556 481 710 513; x_wconf 82' lang='lat' dir='ltr'>transcunt.</span> <span class='ocrx_word' id='word_1_113' title='bbox 737 481 834 522; x_wconf 76' lang='lat' dir='ltr'>Atque</span> <span class='ocrx_word' id='word_1_114' title='bbox 860 478 889 507; x_wconf 86' lang='lat' dir='ltr'>hi</span> <span class='ocrx_word' id='word_1_115' title='bbox 909 476 967 507; x_wconf 80' lang='lat' dir='ltr'>cluo</span> <span class='ocrx_word' id='word_1_116' title='bbox 989 475 1059 505; x_wconf 80' lang='lat' dir='ltr'>radii</span> <span class='ocrx_word' id='word_1_117' title='bbox 1082 474 1139 503; x_wconf 89' lang='lat' dir='ltr'>Ts</span> <span class='ocrx_word' id='word_1_118' title='bbox 1156 493 1166 507; x_wconf 94' lang='lat'>‚</span> <span class='ocrx_word' id='word_1_119' title='bbox 1195 472 1225 501; x_wconf 67' lang='grc' dir='ltr'>δέ</span> <span class='ocrx_word' id='word_1_120' title='bbox 1252 472 1277 500; x_wconf 91' lang='lat' dir='ltr'>V</span> <span class='ocrx_word' id='word_1_121' title='bbox 1293 471 1312 499; x_wconf 88' lang='lat' dir='ltr'><strong>S</strong></span> <span class='ocrx_word' id='word_1_122' title='bbox 1332 466 1458 500; x_wconf 68' lang='lat' dir='ltr'>efficiunt</span> <span class='ocrx_word' id='word_1_123' title='bbox 1479 479 1533 498; x_wconf 88' lang='lat' dir='ltr'>an-</span> 
     </span>
     <span class='ocr_line' id='line_1_10' title="bbox 291 510 1533 569; baseline -0.014 -13"><span class='ocrx_word' id='word_1_124' title='bbox 291 526 391 569; x_wconf 79' lang='lat' dir='ltr'>gulum</span> <span class='ocrx_word' id='word_1_125' title='bbox 414 528 441 557; x_wconf 91' lang='lat' dir='ltr'>T</span> <span class='ocrx_word' id='word_1_126' title='bbox 458 528 474 557; x_wconf 86' lang='lat' dir='ltr'>S</span> <span class='ocrx_word' id='word_1_127' title='bbox 488 529 513 557; x_wconf 91' lang='lat' dir='ltr'>V</span> <span class='ocrx_word' id='word_1_128' title='bbox 530 548 540 561; x_wconf 87' lang='lat'>‚</span> <span class='ocrx_word' id='word_1_129' title='bbox 563 524 612 556; x_wconf 91' lang='lat' dir='ltr'>sub</span> <span class='ocrx_word' id='word_1_130' title='bbox 632 535 691 566; x_wconf 86' lang='lat' dir='ltr'>quo</span> <span class='ocrx_word' id='word_1_131' title='bbox 711 523 824 553; x_wconf 78' lang='lat' dir='ltr'>videtur</span> <span class='ocrx_word' id='word_1_132' title='bbox 844 521 993 562; x_wconf 69' lang='lat' dir='ltr'>objestum</span> <span class='ocrx_word' id='word_1_133' title='bbox 1019 520 1046 549; x_wconf 91' lang='lat' dir='ltr'>T</span> <span class='ocrx_word' id='word_1_134' title='bbox 1065 519 1089 548; x_wconf 88' lang='lat' dir='ltr'>V</span> <span class='ocrx_word' id='word_1_135' title='bbox 1105 538 1113 551; x_wconf 90' lang='lat'><em>‚</em></span> <span class='ocrx_word' id='word_1_136' title='bbox 1137 525 1195 545; x_wconf 90' lang='lat' dir='ltr'>non</span> <span class='ocrx_word' id='word_1_137' title='bbox 1220 511 1317 543; x_wconf 59' lang='lat' dir='ltr'>habiri</span> <span class='ocrx_word' id='word_1_138' title='bbox 1343 515 1452 542; x_wconf 77' lang='lat' dir='ltr'>tatione</span> <span class='ocrx_word' id='word_1_139' title='bbox 1473 510 1533 541; x_wconf 87' lang='lat' dir='ltr'>dis.</span> 
     </span>
     <span class='ocr_line' id='line_1_11' title="bbox 293 554 1532 610; baseline -0.01 -11"><span class='ocrx_word' id='word_1_140' title='bbox 293 574 388 601; x_wconf 54' lang='lat' dir='ltr'>tantia:</span> <span class='ocrx_word' id='word_1_141' title='bbox 414 573 481 601; x_wconf 84' lang='lat' dir='ltr'>vitri</span> <span class='ocrx_word' id='word_1_142' title='bbox 504 569 539 599; x_wconf 81' lang='lat' dir='ltr'>ab</span> <span class='ocrx_word' id='word_1_143' title='bbox 559 567 645 598; x_wconf 88' lang='lat' dir='ltr'>oculo</span> <span class='ocrx_word' id='word_1_144' title='bbox 664 578 726 610; x_wconf 78' lang='lat' dir='ltr'>quae</span> <span class='ocrx_word' id='word_1_145' title='bbox 743 564 851 597; x_wconf 70' lang='lat' dir='ltr'>nullius</span> <span class='ocrx_word' id='word_1_146' title='bbox 871 564 910 596; x_wconf 71' lang='lat' dir='ltr'>cst</span> <span class='ocrx_word' id='word_1_147' title='bbox 931 562 1074 594; x_wconf 75' lang='lat' dir='ltr'>momenti</span> <span class='ocrx_word' id='word_1_148' title='bbox 1095 558 1145 591; x_wconf 83' lang='lat' dir='ltr'>ubi</span> <span class='ocrx_word' id='word_1_149' title='bbox 1166 568 1233 588; x_wconf 80' lang='lat' dir='ltr'>cuin</span> <span class='ocrx_word' id='word_1_150' title='bbox 1262 555 1392 587; x_wconf 69' lang='lat' dir='ltr'>distantia</span> <span class='ocrx_word' id='word_1_151' title='bbox 1422 554 1532 596; x_wconf 65' lang='lat' dir='ltr'>objecti</span> 
     </span>
     <span class='ocr_line' id='line_1_12' title="bbox 294 612 698 654; baseline -0.005 -11"><span class='ocrx_word' id='word_1_152' title='bbox 294 617 404 643; x_wconf 78' lang='lat' dir='ltr'>cmii-ius</span> <span class='ocrx_word' id='word_1_153' title='bbox 429 612 479 643; x_wconf 76' lang='lat' dir='ltr'>vili</span> <span class='ocrx_word' id='word_1_154' title='bbox 506 622 698 654; x_wconf 68' lang='lat' dir='ltr'>compararas.</span> 
     </span>
    </p>

    <p class='ocr_par' dir='ltr' id='par_1_4' title="bbox 296 639 1548 1118">
     <span class='ocr_line' id='line_1_13' title="bbox 338 639 1538 699; baseline -0.016 -12"><span class='ocrx_word' id='word_1_155' title='bbox 338 658 415 687; x_wconf 84' lang='lat' dir='ltr'>Cum</span> <span class='ocrx_word' id='word_1_156' title='bbox 435 658 520 699; x_wconf 82' lang='lat' dir='ltr'>igitur</span> <span class='ocrx_word' id='word_1_157' title='bbox 540 656 569 685; x_wconf 88' lang='lat' dir='ltr'>hi</span> <span class='ocrx_word' id='word_1_158' title='bbox 584 654 653 684; x_wconf 79' lang='lat' dir='ltr'>radii</span> <span class='ocrx_word' id='word_1_159' title='bbox 673 651 823 695; x_wconf 76' lang='lat' dir='ltr'>paralleli,</span> <span class='ocrx_word' id='word_1_160' title='bbox 843 653 991 695; x_wconf 75' lang='lat' dir='ltr'>postquam</span> <span class='ocrx_word' id='word_1_161' title='bbox 1005 650 1113 678; x_wconf 81' lang='lat' dir='ltr'>vitrum</span> <span class='ocrx_word' id='word_1_162' title='bbox 1129 642 1309 688; x_wconf 75' lang='lat' dir='ltr'>pertransiere</span> <span class='ocrx_word' id='word_1_163' title='bbox 1326 646 1382 684; x_wconf 76' lang='lat' dir='ltr'>jam</span> <span class='ocrx_word' id='word_1_164' title='bbox 1401 639 1453 672; x_wconf 83' lang='lat' dir='ltr'>fint</span> <span class='ocrx_word' id='word_1_165' title='bbox 1468 651 1538 670; x_wconf 87' lang='lat' dir='ltr'>con-</span> 
     </span>
     <span class='ocr_line' id='line_1_14' title="bbox 297 683 1538 741; baseline -0.015 -11"><span class='ocrx_word' id='word_1_166' title='bbox 297 710 467 741; x_wconf 73' lang='lat' dir='ltr'>vcrgenres,</span> <span class='ocrx_word' id='word_1_167' title='bbox 490 703 519 730; x_wconf 60' lang='grc' dir='ltr'>ἅ</span> <span class='ocrx_word' id='word_1_168' title='bbox 541 698 576 729; x_wconf 77' lang='lat' dir='ltr'>ad</span> <span class='ocrx_word' id='word_1_169' title='bbox 599 699 703 740; x_wconf 61' lang='lat' dir='ltr'>punCla</span> <span class='ocrx_word' id='word_1_170' title='bbox 727 697 782 726; x_wconf 75' lang='lat' dir='ltr'>l&amp;</span> <span class='ocrx_word' id='word_1_171' title='bbox 802 699 819 727; x_wconf 81' lang='lat' dir='ltr'>F</span> <span class='ocrx_word' id='word_1_172' title='bbox 843 694 958 725; x_wconf 67' lang='lat' dir='ltr'>rendam</span> <span class='ocrx_word' id='word_1_173' title='bbox 975 715 983 728; x_wconf 94' lang='lat'><em>‚</em></span> <span class='ocrx_word' id='word_1_174' title='bbox 1005 695 1032 722; x_wconf 84' lang='lat' dir='ltr'>in</span> <span class='ocrx_word' id='word_1_175' title='bbox 1054 689 1171 720; x_wconf 82' lang='lat' dir='ltr'>oculum</span> <span class='ocrx_word' id='word_1_176' title='bbox 1193 691 1367 717; x_wconf 79' lang='lat' dir='ltr'>incurrentes</span> <span class='ocrx_word' id='word_1_177' title='bbox 1382 683 1474 714; x_wconf 85' lang='lat' dir='ltr'>adhuc</span> <span class='ocrx_word' id='word_1_178' title='bbox 1492 686 1538 714; x_wconf 89' lang='lat' dir='ltr'>in-</span> 
     </span>
     <span class='ocr_line' id='line_1_15' title="bbox 297 730 1540 777; baseline -0.014 -5"><span class='ocrx_word' id='word_1_179' title='bbox 297 754 450 773; x_wconf 65' lang='lat' dir='ltr'>curvantur</span> <span class='ocrx_word' id='word_1_180' title='bbox 463 764 472 777; x_wconf 91' lang='lat'>‚</span> <span class='ocrx_word' id='word_1_181' title='bbox 491 754 522 773; x_wconf 87' lang='lat' dir='ltr'>ut</span> <span class='ocrx_word' id='word_1_182' title='bbox 539 744 642 771; x_wconf 62' lang='lat' dir='ltr'>co‘dant</span> <span class='ocrx_word' id='word_1_183' title='bbox 665 743 693 771; x_wconf 75' lang='lat' dir='ltr'>iu</span> <span class='ocrx_word' id='word_1_184' title='bbox 721 740 748 769; x_wconf 92' lang='lat' dir='ltr'><strong>G</strong></span> <span class='ocrx_word' id='word_1_185' title='bbox 765 740 795 769; x_wconf 88' lang='lat' dir='ltr'><strong>H</strong></span> <span class='ocrx_word' id='word_1_186' title='bbox 814 761 823 773; x_wconf 94' lang='lat'><em>,</em></span> <span class='ocrx_word' id='word_1_187' title='bbox 843 742 872 770; x_wconf 89' lang='lat'>&amp;</span> <span class='ocrx_word' id='word_1_188' title='bbox 897 747 998 766; x_wconf 65' lang='lat' dir='ltr'>omncs</span> <span class='ocrx_word' id='word_1_189' title='bbox 1021 736 1126 764; x_wconf 50' lang='lat' dir='ltr'>cocunt</span> <span class='ocrx_word' id='word_1_190' title='bbox 1149 742 1213 761; x_wconf 84' lang='lat' dir='ltr'>cum</span> <span class='ocrx_word' id='word_1_191' title='bbox 1232 730 1311 760; x_wconf 75' lang='lat' dir='ltr'>radio</span> <span class='ocrx_word' id='word_1_192' title='bbox 1334 731 1382 769; x_wconf 80' lang='lat' dir='ltr'>qui</span> <span class='ocrx_word' id='word_1_193' title='bbox 1398 738 1450 777; x_wconf 61' lang='lat' dir='ltr'>fer</span> <span class='ocrx_word' id='word_1_194' title='bbox 1472 737 1540 756; x_wconf 83' lang='lat' dir='ltr'>cen-</span> 
     </span>
     <span class='ocr_line' id='line_1_16' title="bbox 299 771 1541 824; baseline -0.013 -9"><span class='ocrx_word' id='word_1_195' title='bbox 299 796 375 816; x_wconf 84' lang='lat' dir='ltr'>trum</span> <span class='ocrx_word' id='word_1_196' title='bbox 393 784 470 816; x_wconf 86' lang='lat' dir='ltr'>oculi</span> <span class='ocrx_word' id='word_1_197' title='bbox 492 788 518 817; x_wconf 88' lang='lat' dir='ltr'>K</span> <span class='ocrx_word' id='word_1_198' title='bbox 540 782 636 814; x_wconf 78' lang='lat' dir='ltr'>transit</span> <span class='ocrx_word' id='word_1_199' title='bbox 656 805 665 818; x_wconf 92' lang='lat'>‚</span> <span class='ocrx_word' id='word_1_200' title='bbox 693 785 801 824; x_wconf 89' lang='lat' dir='ltr'>quique</span> <span class='ocrx_word' id='word_1_201' title='bbox 823 792 853 811; x_wconf 84' lang='lat' dir='ltr'>ur</span> <span class='ocrx_word' id='word_1_202' title='bbox 871 782 1028 823; x_wconf 77' lang='lat' dir='ltr'>praecipuus</span> <span class='ocrx_word' id='word_1_203' title='bbox 1051 775 1157 808; x_wconf 70' lang='lat' dir='ltr'>censeri</span> <span class='ocrx_word' id='word_1_204' title='bbox 1179 773 1265 804; x_wconf 68' lang='lat' dir='ltr'>debet</span> <span class='ocrx_word' id='word_1_205' title='bbox 1282 798 1289 808; x_wconf 85' lang='lat'>,</span> <span class='ocrx_word' id='word_1_206' title='bbox 1315 771 1411 802; x_wconf 74' lang='lat' dir='ltr'>habita</span> <span class='ocrx_word' id='word_1_207' title='bbox 1430 772 1541 800; x_wconf 82' lang='lat' dir='ltr'>ratione</span> 
     </span>
     <span class='ocr_line' id='line_1_17' title="bbox 297 815 1542 871; baseline -0.011 -13"><span class='ocrx_word' id='word_1_208' title='bbox 297 829 396 864; x_wconf 86' lang='lat' dir='ltr'>oculi,</span> <span class='ocrx_word' id='word_1_209' title='bbox 415 840 518 871; x_wconf 81' lang='lat' dir='ltr'>nempe</span> <span class='ocrx_word' id='word_1_210' title='bbox 538 830 567 858; x_wconf 94' lang='lat' dir='ltr'>in</span> <span class='ocrx_word' id='word_1_211' title='bbox 583 830 595 858; x_wconf 93' lang='lat'>1</span> <span class='ocrx_word' id='word_1_212' title='bbox 610 829 636 858; x_wconf 92' lang='lat' dir='ltr'>K</span> <span class='ocrx_word' id='word_1_213' title='bbox 655 830 684 857; x_wconf 69' lang='grc' dir='ltr'>ὅ(</span> <span class='ocrx_word' id='word_1_214' title='bbox 704 828 722 855; x_wconf 87' lang='lat' dir='ltr'>F</span> <span class='ocrx_word' id='word_1_215' title='bbox 737 828 763 856; x_wconf 83' lang='lat' dir='ltr'>K</span> <span class='ocrx_word' id='word_1_216' title='bbox 782 850 790 864; x_wconf 84' lang='lat'><em>‚</em></span> <span class='ocrx_word' id='word_1_217' title='bbox 811 826 862 867; x_wconf 86' lang='lat' dir='ltr'>qui</span> <span class='ocrx_word' id='word_1_218' title='bbox 879 822 913 853; x_wconf 74' lang='lat' dir='ltr'>ad</span> <span class='ocrx_word' id='word_1_219' title='bbox 929 821 1052 851; x_wconf 85' lang='lat' dir='ltr'>fundum</span> <span class='ocrx_word' id='word_1_220' title='bbox 1071 817 1148 849; x_wconf 80' lang='lat' dir='ltr'>oculi</span> <span class='ocrx_word' id='word_1_221' title='bbox 1165 820 1192 848; x_wconf 89' lang='lat' dir='ltr'>in</span> <span class='ocrx_word' id='word_1_222' title='bbox 1221 818 1250 846; x_wconf 90' lang='grc' dir='ltr'>Η</span> <span class='ocrx_word' id='word_1_223' title='bbox 1267 818 1296 846; x_wconf 88' lang='lat'>&amp;</span> <span class='ocrx_word' id='word_1_224' title='bbox 1313 816 1339 844; x_wconf 89' lang='lat' dir='ltr'>G</span> <span class='ocrx_word' id='word_1_225' title='bbox 1361 815 1542 858; x_wconf 84' lang='lat' dir='ltr'>perveniunt,</span> 
     </span>
     <span class='ocr_line' id='line_1_18' title="bbox 296 857 1541 916; baseline -0.014 -13"><span class='ocrx_word' id='word_1_226' title='bbox 296 870 346 902; x_wconf 85' lang='lat' dir='ltr'>ubi</span> <span class='ocrx_word' id='word_1_227' title='bbox 357 871 518 916; x_wconf 49' lang='lat' dir='ltr'>pisturastei</span> <span class='ocrx_word' id='word_1_228' title='bbox 537 869 659 912; x_wconf 62' lang='lat' dir='ltr'>obit-Cla:</span> <span class='ocrx_word' id='word_1_229' title='bbox 671 869 699 898; x_wconf 91' lang='lat' dir='ltr'>T</span> <span class='ocrx_word' id='word_1_230' title='bbox 715 871 741 898; x_wconf 93' lang='lat' dir='ltr'>V</span> <span class='ocrx_word' id='word_1_231' title='bbox 761 867 946 910; x_wconf 77' lang='lat' dir='ltr'>imprimitur.</span> <span class='ocrx_word' id='word_1_232' title='bbox 972 864 1062 905; x_wconf 86' lang='lat' dir='ltr'>Atqui</span> <span class='ocrx_word' id='word_1_233' title='bbox 1085 859 1204 903; x_wconf 82' lang='lat' dir='ltr'>angulus</span> <span class='ocrx_word' id='word_1_234' title='bbox 1229 861 1260 889; x_wconf 83' lang='lat' dir='ltr'>H</span> <span class='ocrx_word' id='word_1_235' title='bbox 1276 862 1302 889; x_wconf 87' lang='lat' dir='ltr'>K</span> <span class='ocrx_word' id='word_1_236' title='bbox 1319 860 1344 887; x_wconf 89' lang='lat' dir='ltr'><strong>G</strong></span> <span class='ocrx_word' id='word_1_237' title='bbox 1359 880 1368 893; x_wconf 93' lang='lat'>,</span> <span class='ocrx_word' id='word_1_238' title='bbox 1384 857 1430 887; x_wconf 88' lang='lat' dir='ltr'>scu</span> <span class='ocrx_word' id='word_1_239' title='bbox 1445 858 1455 886; x_wconf 94' lang='lat'>1</span> <span class='ocrx_word' id='word_1_240' title='bbox 1471 858 1496 887; x_wconf 88' lang='lat' dir='ltr'>K</span> <span class='ocrx_word' id='word_1_241' title='bbox 1510 859 1541 892; x_wconf 86' lang='lat' dir='ltr'>F,</span> 
     </span>
     <span class='ocr_line' id='line_1_19' title="bbox 297 900 1543 957; baseline -0.012 -13"><span class='ocrx_word' id='word_1_242' title='bbox 297 913 349 945; x_wconf 81' lang='lat' dir='ltr'>sub</span> <span class='ocrx_word' id='word_1_243' title='bbox 373 925 431 957; x_wconf 90' lang='lat' dir='ltr'>quo</span> <span class='ocrx_word' id='word_1_244' title='bbox 453 913 566 944; x_wconf 85' lang='lat' dir='ltr'>videtur</span> <span class='ocrx_word' id='word_1_245' title='bbox 582 912 730 955; x_wconf 65' lang='lat' dir='ltr'>objcd&#39;tum</span> <span class='ocrx_word' id='word_1_246' title='bbox 745 932 755 946; x_wconf 92' lang='lat'><em>‚</em></span> <span class='ocrx_word' id='word_1_247' title='bbox 777 913 870 950; x_wconf 82' lang='lat' dir='ltr'>major</span> <span class='ocrx_word' id='word_1_248' title='bbox 885 909 923 938; x_wconf 80' lang='lat' dir='ltr'>cst</span> <span class='ocrx_word' id='word_1_249' title='bbox 943 910 954 937; x_wconf 89' lang='lat'>1</span> <span class='ocrx_word' id='word_1_250' title='bbox 969 907 986 937; x_wconf 89' lang='lat' dir='ltr'>S</span> <span class='ocrx_word' id='word_1_251' title='bbox 1001 910 1019 937; x_wconf 86' lang='lat' dir='ltr'>F</span> <span class='ocrx_word' id='word_1_252' title='bbox 1043 905 1089 936; x_wconf 85' lang='lat' dir='ltr'>seu</span> <span class='ocrx_word' id='word_1_253' title='bbox 1107 905 1134 934; x_wconf 91' lang='lat' dir='ltr'>T</span> <span class='ocrx_word' id='word_1_254' title='bbox 1151 905 1167 933; x_wconf 89' lang='lat' dir='ltr'><strong>S</strong></span> <span class='ocrx_word' id='word_1_255' title='bbox 1183 906 1210 934; x_wconf 93' lang='lat' dir='ltr'>V</span> <span class='ocrx_word' id='word_1_256' title='bbox 1228 925 1237 937; x_wconf 94' lang='lat'><em>,</em></span> <span class='ocrx_word' id='word_1_257' title='bbox 1257 901 1307 932; x_wconf 85' lang='lat' dir='ltr'>sub</span> <span class='ocrx_word' id='word_1_258' title='bbox 1326 912 1384 943; x_wconf 84' lang='lat' dir='ltr'>quo</span> <span class='ocrx_word' id='word_1_259' title='bbox 1400 900 1543 930; x_wconf 67' lang='lat' dir='ltr'>videretur</span> 
     </span>
     <span class='ocr_line' id='line_1_20' title="bbox 299 941 1545 989; baseline -0.014 0"><span class='ocrx_word' id='word_1_260' title='bbox 299 956 379 987; x_wconf 87' lang='lat' dir='ltr'>nudo</span> <span class='ocrx_word' id='word_1_261' title='bbox 401 956 488 988; x_wconf 83' lang='lat' dir='ltr'>oculo</span> <span class='ocrx_word' id='word_1_262' title='bbox 504 959 574 987; x_wconf 72' lang='lat' dir='ltr'>citra</span> <span class='ocrx_word' id='word_1_263' title='bbox 592 957 701 987; x_wconf 83' lang='lat' dir='ltr'>vitrum</span> <span class='ocrx_word' id='word_1_264' title='bbox 720 965 728 985; x_wconf 74' lang='grc' dir='ltr'><em>τ</em></span> <span class='ocrx_word' id='word_1_265' title='bbox 747 964 814 983; x_wconf 84' lang='lat' dir='ltr'>cum</span> <span class='ocrx_word' id='word_1_266' title='bbox 840 950 872 982; x_wconf 76' lang='lat' dir='ltr'>fi:</span> <span class='ocrx_word' id='word_1_267' title='bbox 898 952 1017 981; x_wconf 85' lang='lat' dir='ltr'>interior</span> <span class='ocrx_word' id='word_1_268' title='bbox 1034 971 1043 984; x_wconf 90' lang='lat'>‚</span> <span class='ocrx_word' id='word_1_269' title='bbox 1071 950 1101 978; x_wconf 74' lang='grc' dir='ltr'>δε</span> <span class='ocrx_word' id='word_1_270' title='bbox 1122 945 1201 989; x_wconf 81' lang='lat' dir='ltr'>super</span> <span class='ocrx_word' id='word_1_271' title='bbox 1218 944 1318 975; x_wconf 76' lang='lat' dir='ltr'>cadem</span> <span class='ocrx_word' id='word_1_272' title='bbox 1343 941 1400 974; x_wconf 79' lang='lat' dir='ltr'>basi</span> <span class='ocrx_word' id='word_1_273' title='bbox 1419 945 1436 972; x_wconf 73' lang='lat' dir='ltr'>F</span> <span class='ocrx_word' id='word_1_274' title='bbox 1452 945 1472 972; x_wconf 91' lang='lat'>1.</span> <span class='ocrx_word' id='word_1_275' title='bbox 1501 944 1545 972; x_wconf 85' lang='lat' dir='ltr'>Ac</span> 
     </span>
     <span class='ocr_line' id='line_1_21' title="bbox 302 984 1546 1044; baseline -0.014 -13"><span class='ocrx_word' id='word_1_276' title='bbox 302 1001 331 1031; x_wconf 90' lang='lat' dir='ltr'>T</span> <span class='ocrx_word' id='word_1_277' title='bbox 345 1001 402 1033; x_wconf 84' lang='lat' dir='ltr'>SV</span> <span class='ocrx_word' id='word_1_278' title='bbox 425 999 513 1044; x_wconf 66' lang='lat' dir='ltr'>paulo</span> <span class='ocrx_word' id='word_1_279' title='bbox 540 1001 634 1041; x_wconf 79' lang='lat' dir='ltr'>major</span> <span class='ocrx_word' id='word_1_280' title='bbox 655 998 693 1028; x_wconf 84' lang='lat' dir='ltr'>cst</span> <span class='ocrx_word' id='word_1_281' title='bbox 715 997 817 1028; x_wconf 88' lang='lat' dir='ltr'>TKV</span> <span class='ocrx_word' id='word_1_282' title='bbox 840 1018 851 1031; x_wconf 88' lang='lat'><em>,</em></span> <span class='ocrx_word' id='word_1_283' title='bbox 875 993 925 1025; x_wconf 88' lang='lat' dir='ltr'>sub</span> <span class='ocrx_word' id='word_1_284' title='bbox 945 1003 1004 1035; x_wconf 89' lang='lat' dir='ltr'>quo</span> <span class='ocrx_word' id='word_1_285' title='bbox 1027 990 1171 1022; x_wconf 85' lang='lat' dir='ltr'>videretur</span> <span class='ocrx_word' id='word_1_286' title='bbox 1191 988 1338 1030; x_wconf 70' lang='lat' dir='ltr'>obyectum</span> <span class='ocrx_word' id='word_1_287' title='bbox 1359 985 1438 1016; x_wconf 89' lang='lat' dir='ltr'>nudo</span> <span class='ocrx_word' id='word_1_288' title='bbox 1461 984 1546 1015; x_wconf 88' lang='lat' dir='ltr'>oculo</span> 
     </span>
     <span class='ocr_line' id='line_1_22' title="bbox 303 1030 1548 1085; baseline -0.012 -12"><span class='ocrx_word' id='word_1_289' title='bbox 303 1045 378 1074; x_wconf 82' lang='lat' dir='ltr'>citra</span> <span class='ocrx_word' id='word_1_290' title='bbox 396 1046 502 1075; x_wconf 86' lang='lat' dir='ltr'>vitrum</span> <span class='ocrx_word' id='word_1_291' title='bbox 525 1055 534 1075; x_wconf 69' lang='lat' dir='ltr'>t</span> <span class='ocrx_word' id='word_1_292' title='bbox 561 1053 631 1074; x_wconf 83' lang='lat' dir='ltr'>nam</span> <span class='ocrx_word' id='word_1_293' title='bbox 652 1042 788 1085; x_wconf 74' lang='lat' dir='ltr'>praecipui</span> <span class='ocrx_word' id='word_1_294' title='bbox 802 1037 876 1071; x_wconf 79' lang='lat' dir='ltr'>radii</span> <span class='ocrx_word' id='word_1_295' title='bbox 895 1037 912 1068; x_wconf 69' lang='grc' dir='ltr'>ὲ</span> <span class='ocrx_word' id='word_1_296' title='bbox 932 1037 1046 1081; x_wconf 73' lang='grc' dir='ltr'>Ρυηέὶίε</span> <span class='ocrx_word' id='word_1_297' title='bbox 1064 1035 1092 1067; x_wconf 90' lang='grc' dir='ltr'><strong>Τ</strong></span> <span class='ocrx_word' id='word_1_298' title='bbox 1113 1036 1143 1064; x_wconf 86' lang='lat'>&amp;</span> <span class='ocrx_word' id='word_1_299' title='bbox 1165 1035 1191 1063; x_wconf 92' lang='lat' dir='ltr'>V</span> <span class='ocrx_word' id='word_1_300' title='bbox 1215 1030 1336 1077; x_wconf 64' lang='lat' dir='ltr'>profesti</span> <span class='ocrx_word' id='word_1_301' title='bbox 1352 1040 1401 1073; x_wconf 84' lang='lat' dir='ltr'>per</span> <span class='ocrx_word' id='word_1_302' title='bbox 1417 1039 1548 1059; x_wconf 76' lang='lat' dir='ltr'>centrum</span> 
     </span>
     <span class='ocr_line' id='line_1_23' title="bbox 306 1086 612 1118; baseline -0.003 -1"><span class='ocrx_word' id='word_1_303' title='bbox 306 1086 383 1117; x_wconf 85' lang='lat' dir='ltr'>oculi</span> <span class='ocrx_word' id='word_1_304' title='bbox 406 1089 432 1118; x_wconf 90' lang='lat' dir='ltr'>K</span> <span class='ocrx_word' id='word_1_305' title='bbox 455 1086 612 1118; x_wconf 73' lang='lat' dir='ltr'>transirent.</span> 
     </span>
    </p>

    <p class='ocr_par' dir='ltr' id='par_1_5' title="bbox 308 1115 1556 1516">
     <span class='ocr_line' id='line_1_24' title="bbox 355 1115 1550 1173; baseline -0.015 -11"><span class='ocrx_word' id='word_1_306' title='bbox 355 1132 383 1160; x_wconf 91' lang='lat' dir='ltr'>X</span> <span class='ocrx_word' id='word_1_307' title='bbox 397 1133 423 1160; x_wconf 93' lang='lat' dir='ltr'>V</span> <span class='ocrx_word' id='word_1_308' title='bbox 437 1132 460 1161; x_wconf 88' lang='lat'>1.</span> <span class='ocrx_word' id='word_1_309' title='bbox 493 1132 554 1173; x_wconf 85' lang='lat' dir='ltr'>Qi</span> <span class='ocrx_word' id='word_1_310' title='bbox 574 1128 645 1159; x_wconf 85' lang='lat' dir='ltr'>bene</span> <span class='ocrx_word' id='word_1_311' title='bbox 659 1126 840 1158; x_wconf 80' lang='lat' dir='ltr'>conformato</span> <span class='ocrx_word' id='word_1_312' title='bbox 860 1123 1007 1155; x_wconf 77' lang='lat' dir='ltr'>donantur</span> <span class='ocrx_word' id='word_1_313' title='bbox 1025 1119 1112 1151; x_wconf 88' lang='lat' dir='ltr'>oculo</span> <span class='ocrx_word' id='word_1_314' title='bbox 1125 1141 1134 1155; x_wconf 88' lang='lat'><em>‚</em></span> <span class='ocrx_word' id='word_1_315' title='bbox 1155 1129 1198 1150; x_wconf 85' lang='lat' dir='ltr'>res</span> <span class='ocrx_word' id='word_1_316' title='bbox 1215 1117 1340 1161; x_wconf 67' lang='lat' dir='ltr'>objestas</span> <span class='ocrx_word' id='word_1_317' title='bbox 1355 1115 1390 1146; x_wconf 83' lang='lat' dir='ltr'>ad</span> <span class='ocrx_word' id='word_1_318' title='bbox 1406 1118 1487 1146; x_wconf 78' lang='lat' dir='ltr'>unius</span> <span class='ocrx_word' id='word_1_319' title='bbox 1501 1118 1550 1158; x_wconf 63' lang='lat' dir='ltr'>pei</span> 
     </span>
     <span class='ocr_line' id='line_1_25' title="bbox 308 1162 1549 1211; baseline -0.012 -7"><span class='ocrx_word' id='word_1_320' title='bbox 308 1171 352 1203; x_wconf 80' lang='lat' dir='ltr'>dis</span> <span class='ocrx_word' id='word_1_321' title='bbox 381 1173 541 1204; x_wconf 79' lang='lat' dir='ltr'>distantiam</span> <span class='ocrx_word' id='word_1_322' title='bbox 557 1195 566 1208; x_wconf 89' lang='lat'><em>‚</em></span> <span class='ocrx_word' id='word_1_323' title='bbox 591 1182 638 1202; x_wconf 85' lang='lat' dir='ltr'>aut</span> <span class='ocrx_word' id='word_1_324' title='bbox 658 1173 804 1201; x_wconf 75' lang='lat' dir='ltr'>minorem</span> <span class='ocrx_word' id='word_1_325' title='bbox 833 1178 912 1211; x_wconf 71' lang='lat' dir='ltr'>:tque</span> <span class='ocrx_word' id='word_1_326' title='bbox 941 1164 1069 1209; x_wconf 55' lang='lat' dir='ltr'>perstet&amp;</span> <span class='ocrx_word' id='word_1_327' title='bbox 1089 1163 1212 1198; x_wconf 85' lang='lat' dir='ltr'>vident,</span> <span class='ocrx_word' id='word_1_328' title='bbox 1233 1173 1264 1192; x_wconf 87' lang='lat' dir='ltr'>ac</span> <span class='ocrx_word' id='word_1_329' title='bbox 1285 1162 1376 1203; x_wconf 76' lang='lat' dir='ltr'>magis</span> <span class='ocrx_word' id='word_1_330' title='bbox 1402 1169 1523 1190; x_wconf 69' lang='lat' dir='ltr'>remotas</span> <span class='ocrx_word' id='word_1_331' title='bbox 1541 1171 1549 1189; x_wconf 90' lang='lat'>:</span> 
     </span>
     <span class='ocr_line' id='line_1_26' title="bbox 310 1199 1554 1258; baseline -0.014 -10"><span class='ocrx_word' id='word_1_332' title='bbox 310 1215 381 1247; x_wconf 78' lang='lat' dir='ltr'>adeo</span> <span class='ocrx_word' id='word_1_333' title='bbox 398 1227 428 1247; x_wconf 89' lang='lat' dir='ltr'>ut</span> <span class='ocrx_word' id='word_1_334' title='bbox 447 1215 521 1247; x_wconf 85' lang='lat' dir='ltr'>visus</span> <span class='ocrx_word' id='word_1_335' title='bbox 537 1215 585 1246; x_wconf 91' lang='lat' dir='ltr'>ille</span> <span class='ocrx_word' id='word_1_336' title='bbox 603 1214 744 1258; x_wconf 69' lang='lat' dir='ltr'>perfe&amp;us</span> <span class='ocrx_word' id='word_1_337' title='bbox 764 1222 898 1255; x_wconf 70' lang='lat' dir='ltr'>magnam</span> <span class='ocrx_word' id='word_1_338' title='bbox 920 1208 1021 1240; x_wconf 73' lang='lat' dir='ltr'>habeat</span> <span class='ocrx_word' id='word_1_339' title='bbox 1041 1205 1222 1238; x_wconf 83' lang='lat' dir='ltr'>latitudinem</span> <span class='ocrx_word' id='word_1_340' title='bbox 1244 1228 1254 1241; x_wconf 94' lang='lat'><em>‚</em></span> <span class='ocrx_word' id='word_1_341' title='bbox 1275 1215 1337 1252; x_wconf 76' lang='lat' dir='ltr'>quae</span> <span class='ocrx_word' id='word_1_342' title='bbox 1355 1203 1423 1234; x_wconf 82' lang='lat' dir='ltr'>hinc</span> <span class='ocrx_word' id='word_1_343' title='bbox 1442 1199 1554 1246; x_wconf 62' lang='lat' dir='ltr'>potiffii„</span> 
     </span>
     <span class='ocr_line' id='line_1_27' title="bbox 310 1245 1553 1302; baseline -0.013 -11"><span class='ocrx_word' id='word_1_344' title='bbox 310 1271 392 1290; x_wconf 86' lang='lat' dir='ltr'>mum</span> <span class='ocrx_word' id='word_1_345' title='bbox 409 1262 501 1290; x_wconf 87' lang='lat' dir='ltr'>oritur</span> <span class='ocrx_word' id='word_1_346' title='bbox 517 1281 524 1296; x_wconf 92' lang='lat'>,</span> <span class='ocrx_word' id='word_1_347' title='bbox 546 1257 625 1302; x_wconf 87' lang='lat' dir='ltr'>quod</span> <span class='ocrx_word' id='word_1_348' title='bbox 646 1256 756 1300; x_wconf 81' lang='lat' dir='ltr'>pupilla</span> <span class='ocrx_word' id='word_1_349' title='bbox 770 1255 853 1286; x_wconf 73' lang='lat' dir='ltr'>facile</span> <span class='ocrx_word' id='word_1_350' title='bbox 875 1252 1008 1295; x_wconf 62' lang='lat' dir='ltr'>ampliari</span> <span class='ocrx_word' id='word_1_351' title='bbox 1027 1262 1060 1282; x_wconf 80' lang='lat' dir='ltr'>ac</span> <span class='ocrx_word' id='word_1_352' title='bbox 1079 1250 1210 1282; x_wconf 82' lang='lat' dir='ltr'>contrahi</span> <span class='ocrx_word' id='word_1_353' title='bbox 1229 1249 1323 1292; x_wconf 85' lang='lat' dir='ltr'>possir.</span> <span class='ocrx_word' id='word_1_354' title='bbox 1349 1245 1464 1287; x_wconf 82' lang='lat' dir='ltr'>Qibus</span> <span class='ocrx_word' id='word_1_355' title='bbox 1481 1247 1553 1276; x_wconf 78' lang='lat' dir='ltr'>reti-</span> 
     </span>
     <span class='ocr_line' id='line_1_28' title="bbox 311 1287 1553 1344; baseline -0.013 -11"><span class='ocrx_word' id='word_1_356' title='bbox 311 1314 346 1334; x_wconf 77' lang='lat' dir='ltr'>na</span> <span class='ocrx_word' id='word_1_357' title='bbox 366 1302 404 1332; x_wconf 84' lang='lat' dir='ltr'>cst</span> <span class='ocrx_word' id='word_1_358' title='bbox 419 1301 549 1344; x_wconf 74' lang='lat' dir='ltr'>exquisiti</span> <span class='ocrx_word' id='word_1_359' title='bbox 569 1299 664 1330; x_wconf 72' lang='lat' dir='ltr'>scnssts</span> <span class='ocrx_word' id='word_1_360' title='bbox 678 1321 687 1334; x_wconf 89' lang='lat'>‚</span> <span class='ocrx_word' id='word_1_361' title='bbox 708 1298 871 1328; x_wconf 83' lang='lat' dir='ltr'>uberiorem</span> <span class='ocrx_word' id='word_1_362' title='bbox 886 1295 981 1325; x_wconf 75' lang='lat' dir='ltr'>lucem</span> <span class='ocrx_word' id='word_1_363' title='bbox 999 1297 1019 1324; x_wconf 95' lang='lat' dir='ltr'>ii</span> <span class='ocrx_word' id='word_1_364' title='bbox 1038 1293 1110 1323; x_wconf 80' lang='lat' dir='ltr'>ferre</span> <span class='ocrx_word' id='word_1_365' title='bbox 1127 1303 1185 1322; x_wconf 91' lang='lat' dir='ltr'>non</span> <span class='ocrx_word' id='word_1_366' title='bbox 1206 1290 1331 1335; x_wconf 68' lang='lat' dir='ltr'>possunt.</span> <span class='ocrx_word' id='word_1_367' title='bbox 1357 1288 1445 1321; x_wconf 83' lang='lat' dir='ltr'>Unde</span> <span class='ocrx_word' id='word_1_368' title='bbox 1461 1287 1553 1318; x_wconf 85' lang='lat' dir='ltr'>solent</span> 
     </span>
     <span class='ocr_line' id='line_1_29' title="bbox 313 1329 1554 1388; baseline -0.012 -13"><span class='ocrx_word' id='word_1_369' title='bbox 313 1343 451 1388; x_wconf 80' lang='lat' dir='ltr'>pupillam</span> <span class='ocrx_word' id='word_1_370' title='bbox 472 1344 639 1375; x_wconf 77' lang='lat' dir='ltr'>contrahere</span> <span class='ocrx_word' id='word_1_371' title='bbox 654 1364 664 1376; x_wconf 94' lang='lat'>‚</span> <span class='ocrx_word' id='word_1_372' title='bbox 684 1340 733 1371; x_wconf 89' lang='lat' dir='ltr'>ubi</span> <span class='ocrx_word' id='word_1_373' title='bbox 755 1340 906 1381; x_wconf 61' lang='lat' dir='ltr'>objtdhun</span> <span class='ocrx_word' id='word_1_374' title='bbox 923 1336 1008 1380; x_wconf 81' lang='lat' dir='ltr'>paulo</span> <span class='ocrx_word' id='word_1_375' title='bbox 1023 1335 1155 1366; x_wconf 84' lang='lat' dir='ltr'>illustrius</span> <span class='ocrx_word' id='word_1_376' title='bbox 1173 1334 1199 1364; x_wconf 86' lang='lat' dir='ltr'>se</span> <span class='ocrx_word' id='word_1_377' title='bbox 1219 1332 1304 1364; x_wconf 81' lang='lat' dir='ltr'>offert</span> <span class='ocrx_word' id='word_1_378' title='bbox 1319 1355 1328 1368; x_wconf 92' lang='lat'>‚</span> <span class='ocrx_word' id='word_1_379' title='bbox 1353 1334 1390 1362; x_wconf 70' lang='lat' dir='ltr'>ita</span> <span class='ocrx_word' id='word_1_380' title='bbox 1411 1329 1554 1361; x_wconf 59' lang='lat' dir='ltr'>assuefacti</span> 
     </span>
     <span class='ocr_line' id='line_1_30' title="bbox 313 1373 1554 1429; baseline -0.013 -11"><span class='ocrx_word' id='word_1_381' title='bbox 313 1389 420 1418; x_wconf 64' lang='lat' dir='ltr'>arctam</span> <span class='ocrx_word' id='word_1_382' title='bbox 442 1387 547 1418; x_wconf 78' lang='lat' dir='ltr'>habent</span> <span class='ocrx_word' id='word_1_383' title='bbox 562 1383 699 1429; x_wconf 79' lang='lat' dir='ltr'>pupillam</span> <span class='ocrx_word' id='word_1_384' title='bbox 715 1406 723 1419; x_wconf 88' lang='lat'>‚</span> <span class='ocrx_word' id='word_1_385' title='bbox 748 1394 800 1413; x_wconf 87' lang='lat' dir='ltr'>nec</span> <span class='ocrx_word' id='word_1_386' title='bbox 820 1386 933 1413; x_wconf 70' lang='lat' dir='ltr'>minuta.</span> <span class='ocrx_word' id='word_1_387' title='bbox 954 1389 1075 1421; x_wconf 72' lang='lat' dir='ltr'>qumque</span> <span class='ocrx_word' id='word_1_388' title='bbox 1099 1377 1214 1419; x_wconf 68' lang='lat' dir='ltr'>objezsta</span> <span class='ocrx_word' id='word_1_389' title='bbox 1234 1376 1333 1407; x_wconf 86' lang='lat' dir='ltr'>vident</span> <span class='ocrx_word' id='word_1_390' title='bbox 1352 1373 1403 1404; x_wconf 80' lang='lat' dir='ltr'>nisi</span> <span class='ocrx_word' id='word_1_391' title='bbox 1423 1374 1554 1404; x_wconf 80' lang='lat' dir='ltr'>uberiore</span> 
     </span>
     <span class='ocr_line' id='line_1_31' title="bbox 314 1415 1556 1473; baseline -0.013 -12"><span class='ocrx_word' id='word_1_392' title='bbox 314 1430 376 1461; x_wconf 73' lang='lat' dir='ltr'>luce</span> <span class='ocrx_word' id='word_1_393' title='bbox 396 1428 524 1473; x_wconf 75' lang='lat' dir='ltr'>perfusa,</span> <span class='ocrx_word' id='word_1_394' title='bbox 546 1428 613 1459; x_wconf 87' lang='lat' dir='ltr'>licet</span> <span class='ocrx_word' id='word_1_395' title='bbox 631 1426 770 1470; x_wconf 72' lang='lat' dir='ltr'>presbyta:</span> <span class='ocrx_word' id='word_1_396' title='bbox 789 1437 849 1456; x_wconf 89' lang='lat' dir='ltr'>non</span> <span class='ocrx_word' id='word_1_397' title='bbox 862 1422 915 1455; x_wconf 85' lang='lat' dir='ltr'>fint</span> <span class='ocrx_word' id='word_1_398' title='bbox 930 1445 940 1458; x_wconf 87' lang='lat'><em>,</em></span> <span class='ocrx_word' id='word_1_399' title='bbox 965 1425 984 1453; x_wconf 93' lang='lat' dir='ltr'>ii</span> <span class='ocrx_word' id='word_1_400' title='bbox 1002 1432 1098 1452; x_wconf 80' lang='lat' dir='ltr'>tamen</span> <span class='ocrx_word' id='word_1_401' title='bbox 1117 1421 1254 1450; x_wconf 84' lang='lat' dir='ltr'>convexis</span> <span class='ocrx_word' id='word_1_402' title='bbox 1271 1428 1388 1449; x_wconf 80' lang='lat' dir='ltr'>utuntur</span> <span class='ocrx_word' id='word_1_403' title='bbox 1410 1415 1533 1447; x_wconf 79' lang='lat' dir='ltr'>lentibus</span> <span class='ocrx_word' id='word_1_404' title='bbox 1547 1437 1556 1451; x_wconf 92' lang='lat'><em>‚</em></span> 
     </span>
     <span class='ocr_line' id='line_1_32' title="bbox 316 1459 1555 1516; baseline -0.015 -11"><span class='ocrx_word' id='word_1_405' title='bbox 316 1485 373 1516; x_wconf 87' lang='lat' dir='ltr'>quo</span> <span class='ocrx_word' id='word_1_406' title='bbox 395 1472 488 1515; x_wconf 84' lang='lat' dir='ltr'>plures</span> <span class='ocrx_word' id='word_1_407' title='bbox 508 1471 580 1503; x_wconf 78' lang='lat' dir='ltr'>radii</span> <span class='ocrx_word' id='word_1_408' title='bbox 599 1470 716 1501; x_wconf 89' lang='lat' dir='ltr'>oculum</span> <span class='ocrx_word' id='word_1_409' title='bbox 738 1468 860 1499; x_wconf 78' lang='lat' dir='ltr'>subeant.</span> <span class='ocrx_word' id='word_1_410' title='bbox 889 1466 945 1498; x_wconf 91' lang='lat' dir='ltr'>Sed</span> <span class='ocrx_word' id='word_1_411' title='bbox 970 1477 1005 1495; x_wconf 83' lang='lat' dir='ltr'>ne</span> <span class='ocrx_word' id='word_1_412' title='bbox 1022 1467 1095 1496; x_wconf 78' lang='lat' dir='ltr'>vitra</span> <span class='ocrx_word' id='word_1_413' title='bbox 1116 1463 1211 1494; x_wconf 78' lang='lat' dir='ltr'>radios</span> <span class='ocrx_word' id='word_1_414' title='bbox 1231 1465 1352 1492; x_wconf 86' lang='lat' dir='ltr'>nimium</span> <span class='ocrx_word' id='word_1_415' title='bbox 1376 1459 1555 1501; x_wconf 79' lang='lat' dir='ltr'>infringant,</span> 
     </span>
    </p>
   </div>
   <div class='ocr_carea' id='block_1_2' title="bbox 317 1502 1557 1603">
    <p class='ocr_par' dir='ltr' id='par_1_6' title="bbox 317 1502 1557 1603">
     <span class='ocr_line' id='line_1_33' title="bbox 317 1502 1557 1558; baseline -0.01 -11"><span class='ocrx_word' id='word_1_416' title='bbox 317 1529 389 1547; x_wconf 58' lang='lat' dir='ltr'>ntvc</span> <span class='ocrx_word' id='word_1_417' title='bbox 405 1519 423 1546; x_wconf 86' lang='lat' dir='ltr'>ii</span> <span class='ocrx_word' id='word_1_418' title='bbox 441 1519 523 1548; x_wconf 84' lang='lat' dir='ltr'>citius</span> <span class='ocrx_word' id='word_1_419' title='bbox 536 1526 622 1558; x_wconf 81' lang='lat' dir='ltr'>quarn</span> <span class='ocrx_word' id='word_1_420' title='bbox 643 1525 693 1558; x_wconf 82' lang='lat' dir='ltr'>par</span> <span class='ocrx_word' id='word_1_421' title='bbox 714 1511 746 1545; x_wconf 81' lang='lat' dir='ltr'>sit</span> <span class='ocrx_word' id='word_1_422' title='bbox 765 1514 868 1544; x_wconf 55' lang='lat' dir='ltr'>coeant</span> <span class='ocrx_word' id='word_1_423' title='bbox 888 1532 898 1547; x_wconf 94' lang='lat'>,</span> <span class='ocrx_word' id='word_1_424' title='bbox 920 1508 1039 1541; x_wconf 82' lang='lat' dir='ltr'>oculum</span> <span class='ocrx_word' id='word_1_425' title='bbox 1058 1508 1175 1551; x_wconf 80' lang='lat' dir='ltr'>propius</span> <span class='ocrx_word' id='word_1_426' title='bbox 1198 1509 1237 1537; x_wconf 82' lang='lat' dir='ltr'>tci</span> <span class='ocrx_word' id='word_1_427' title='bbox 1259 1504 1380 1545; x_wconf 59' lang='lat' dir='ltr'>objcilae</span> <span class='ocrx_word' id='word_1_428' title='bbox 1403 1502 1557 1534; x_wconf 78' lang='lat' dir='ltr'>admovere</span> 
     </span>
     <span class='ocr_line' id='line_1_34' title="bbox 319 1570 469 1603; baseline 0.007 -13"><span class='ocrx_word' id='word_1_429' title='bbox 319 1570 469 1603; x_wconf 82' lang='lat' dir='ltr'>coguntur.</span> 
     </span>
    </p>
   </div>
   <div class='ocr_carea' id='block_1_3' title="bbox 343 1647 1543 1667">
    <p class='ocr_par' dir='ltr' id='par_1_7' title="bbox 343 1647 1543 1667">
     <span class='ocr_line' id='line_1_35' title="bbox 343 1647 1543 1667; baseline 0 678"><span class='ocrx_word' id='word_1_430' title='bbox 343 1647 1543 1667; x_wconf 95' lang='lat' dir='ltr'> </span> 
     </span>
    </p>
   </div>
   <div class='ocr_carea' id='block_1_4' title="bbox 726 1714 1177 1755">
    <p class='ocr_par' dir='ltr' id='par_1_8' title="bbox 726 1714 1177 1755">
     <span class='ocr_line' id='line_1_36' title="bbox 726 1714 1177 1755; baseline -0.002 -2"><span class='ocrx_word' id='word_1_431' title='bbox 726 1716 1033 1755; x_wconf 88' lang='lat' dir='ltr'>CAPUT</span> <span class='ocrx_word' id='word_1_432' title='bbox 1098 1714 1177 1754; x_wconf 90' lang='lat' dir='ltr'>IV.</span> 
     </span>
    </p>
   </div>
   <div class='ocr_carea' id='block_1_5' title="bbox 581 1806 1317 1863">
    <p class='ocr_par' dir='ltr' id='par_1_9' title="bbox 581 1806 1317 1863">
     <span class='ocr_line' id='line_1_37' title="bbox 581 1806 1317 1863; baseline -0.005 -17"><span class='ocrx_word' id='word_1_433' title='bbox 581 1814 743 1863; x_wconf 74' lang='lat' dir='ltr'>Q.cdam</span> <span class='ocrx_word' id='word_1_434' title='bbox 763 1810 855 1846; x_wconf 63' lang='lat' dir='ltr'>vistis</span> <span class='ocrx_word' id='word_1_435' title='bbox 871 1806 1072 1861; x_wconf 68' lang='lat' dir='ltr'>phanomma</span> <span class='ocrx_word' id='word_1_436' title='bbox 1090 1816 1317 1858; x_wconf 81' lang='lat' dir='ltr'>proponuntur.</span> 
     </span>
    </p>
   </div>
   <div class='ocr_carea' id='block_1_6' title="bbox 326 1891 1565 2164">
    <p class='ocr_par' dir='ltr' id='par_1_10' title="bbox 327 1891 1565 1978">
     <span class='ocr_line' id='line_1_38' title="bbox 327 1891 1565 1978; baseline -0.006 -47"><span class='ocrx_word' id='word_1_437' title='bbox 327 1905 351 1935; x_wconf 83' lang='lat'>1.</span> <span class='ocrx_word' id='word_1_438' title='bbox 379 1907 430 1978; x_wconf 83' lang='lat' dir='ltr'>P</span> <span class='ocrx_word' id='word_1_439' title='bbox 447 1900 589 1941; x_wconf 75' lang='lat' dir='ltr'>Ostquani</span> <span class='ocrx_word' id='word_1_440' title='bbox 616 1900 658 1929; x_wconf 90' lang='lat' dir='ltr'>D.</span> <span class='ocrx_word' id='word_1_441' title='bbox 676 1903 721 1930; x_wconf 84' lang='lat' dir='ltr'>Dc</span> <span class='ocrx_word' id='word_1_442' title='bbox 741 1898 766 1928; x_wconf 84' lang='grc' dir='ltr'>1.ι</span> <span class='ocrx_word' id='word_1_443' title='bbox 787 1899 859 1928; x_wconf 77' lang='lat' dir='ltr'>Hire</span> <span class='ocrx_word' id='word_1_444' title='bbox 881 1893 985 1938; x_wconf 80' lang='lat' dir='ltr'>triplex</span> <span class='ocrx_word' id='word_1_445' title='bbox 1010 1893 1124 1925; x_wconf 57' lang='lat' dir='ltr'>visionis</span> <span class='ocrx_word' id='word_1_446' title='bbox 1144 1904 1231 1936; x_wconf 79' lang='lat' dir='ltr'>genus</span> <span class='ocrx_word' id='word_1_447' title='bbox 1247 1891 1391 1935; x_wconf 72' lang='lat' dir='ltr'>sigillatim</span> <span class='ocrx_word' id='word_1_448' title='bbox 1412 1891 1565 1936; x_wconf 80' lang='lat' dir='ltr'>exposuit‚&#39;</span> 
     </span>
    </p>

    <p class='ocr_par' dir='ltr' id='par_1_11' title="bbox 326 1935 1565 2164">
     <span class='ocr_line' id='line_1_39' title="bbox 445 1935 1565 1986; baseline -0.008 -12"><span class='ocrx_word' id='word_1_449' title='bbox 445 1943 575 1986; x_wconf 76' lang='lat' dir='ltr'>qnaedam</span> <span class='ocrx_word' id='word_1_450' title='bbox 598 1942 678 1972; x_wconf 60' lang='lat' dir='ltr'>vistis</span> <span class='ocrx_word' id='word_1_451' title='bbox 698 1942 893 1984; x_wconf 72' lang='lat' dir='ltr'>plioenonicna</span> <span class='ocrx_word' id='word_1_452' title='bbox 915 1940 929 1968; x_wconf 76' lang='grc' dir='ltr'>ὸ,</span> <span class='ocrx_word' id='word_1_453' title='bbox 951 1940 1018 1968; x_wconf 59' lang='lat' dir='ltr'>viris</span> <span class='ocrx_word' id='word_1_454' title='bbox 1043 1937 1160 1967; x_wconf 61' lang='lat' dir='ltr'>cnidius</span> <span class='ocrx_word' id='word_1_455' title='bbox 1174 1936 1316 1979; x_wconf 72' lang='lat' dir='ltr'>propolim</span> <span class='ocrx_word' id='word_1_456' title='bbox 1339 1935 1497 1967; x_wconf 64' lang='lat' dir='ltr'>accuratitls</span> <span class='ocrx_word' id='word_1_457' title='bbox 1512 1945 1565 1965; x_wconf 85' lang='lat' dir='ltr'>ex-</span> 
     </span>
     <span class='ocr_line' id='line_1_40' title="bbox 327 1978 1565 2032; baseline -0.011 -11"><span class='ocrx_word' id='word_1_458' title='bbox 327 1989 434 2032; x_wconf 78' lang='lat' dir='ltr'>pendit.</span> <span class='ocrx_word' id='word_1_459' title='bbox 464 1989 560 2028; x_wconf 78' lang='lat' dir='ltr'>Hujus</span> <span class='ocrx_word' id='word_1_460' title='bbox 583 1988 694 2027; x_wconf 74' lang='lat' dir='ltr'>generis</span> <span class='ocrx_word' id='word_1_461' title='bbox 715 1983 777 2014; x_wconf 76' lang='lat' dir='ltr'>sunt</span> <span class='ocrx_word' id='word_1_462' title='bbox 801 1983 871 2012; x_wconf 62' lang='lat' dir='ltr'>radii</span> <span class='ocrx_word' id='word_1_463' title='bbox 891 1980 1008 2021; x_wconf 66' lang='lat' dir='ltr'>quidm</span> <span class='ocrx_word' id='word_1_464' title='bbox 1027 1978 1158 2010; x_wconf 67' lang='lat' dir='ltr'>luminofi</span> <span class='ocrx_word' id='word_1_465' title='bbox 1177 1983 1250 2010; x_wconf 61' lang='lat' dir='ltr'>circi</span> <span class='ocrx_word' id='word_1_466' title='bbox 1268 1979 1341 2010; x_wconf 75' lang='lat' dir='ltr'>faces</span> <span class='ocrx_word' id='word_1_467' title='bbox 1361 1979 1488 2011; x_wconf 75' lang='lat' dir='ltr'>accensas</span> <span class='ocrx_word' id='word_1_468' title='bbox 1510 1978 1565 2008; x_wconf 87' lang='lat' dir='ltr'>huc</span> 
     </span>
     <span class='ocr_line' id='line_1_41' title="bbox 326 2022 1564 2075; baseline -0.011 -12"><span class='ocrx_word' id='word_1_469' title='bbox 326 2033 395 2064; x_wconf 85' lang='lat' dir='ltr'>illuc</span> <span class='ocrx_word' id='word_1_470' title='bbox 414 2030 496 2075; x_wconf 78' lang='lat' dir='ltr'>sparsi</span> <span class='ocrx_word' id='word_1_471' title='bbox 514 2052 522 2065; x_wconf 91' lang='lat'><strong><em>,</em></strong></span> <span class='ocrx_word' id='word_1_472' title='bbox 546 2040 617 2072; x_wconf 83' lang='lat' dir='ltr'>quos</span> <span class='ocrx_word' id='word_1_473' title='bbox 635 2025 776 2058; x_wconf 66' lang='lat' dir='ltr'>carusius</span> <span class='ocrx_word' id='word_1_474' title='bbox 800 2026 814 2057; x_wconf 79' lang='grc' dir='ltr'><strong>ὲ</strong></span> <span class='ocrx_word' id='word_1_475' title='bbox 838 2027 912 2066; x_wconf 83' lang='lat' dir='ltr'>rugis</span> <span class='ocrx_word' id='word_1_476' title='bbox 935 2026 964 2053; x_wconf 86' lang='lat' dir='ltr'>in</span> <span class='ocrx_word' id='word_1_477' title='bbox 982 2022 1127 2066; x_wconf 76' lang='lat' dir='ltr'>superficie</span> <span class='ocrx_word' id='word_1_478' title='bbox 1152 2022 1306 2054; x_wconf 81' lang='lat' dir='ltr'>humorum</span> <span class='ocrx_word' id='word_1_479' title='bbox 1327 2022 1405 2054; x_wconf 87' lang='lat' dir='ltr'>oculi</span> <span class='ocrx_word' id='word_1_480' title='bbox 1428 2023 1564 2056; x_wconf 80' lang='lat' dir='ltr'>exaratis,</span> 
     </span>
     <span class='ocr_line' id='line_1_42' title="bbox 327 2064 1565 2118; baseline -0.011 -12"><span class='ocrx_word' id='word_1_481' title='bbox 327 2086 447 2118; x_wconf 68' lang='lat' dir='ltr'>quaeque</span> <span class='ocrx_word' id='word_1_482' title='bbox 464 2076 493 2105; x_wconf 93' lang='lat' dir='ltr'>in</span> <span class='ocrx_word' id='word_1_483' title='bbox 510 2084 560 2102; x_wconf 77' lang='lat' dir='ltr'>axe</span> <span class='ocrx_word' id='word_1_484' title='bbox 584 2071 645 2115; x_wconf 77' lang='lat' dir='ltr'>ipso</span> <span class='ocrx_word' id='word_1_485' title='bbox 671 2071 696 2101; x_wconf 85' lang='lat' dir='ltr'>sc</span> <span class='ocrx_word' id='word_1_486' title='bbox 715 2069 884 2101; x_wconf 71' lang='lat' dir='ltr'>interstcant</span> <span class='ocrx_word' id='word_1_487' title='bbox 904 2070 972 2097; x_wconf 82' lang='lat' dir='ltr'>oriri</span> <span class='ocrx_word' id='word_1_488' title='bbox 991 2078 1078 2110; x_wconf 73' lang='lat' dir='ltr'>putat.</span> <span class='ocrx_word' id='word_1_489' title='bbox 1110 2065 1266 2098; x_wconf 73' lang='lat' dir='ltr'>Rohalrius</span> <span class='ocrx_word' id='word_1_490' title='bbox 1284 2067 1366 2097; x_wconf 75' lang='lat' dir='ltr'>aliam</span> <span class='ocrx_word' id='word_1_491' title='bbox 1383 2064 1463 2098; x_wconf 78' lang='lat' dir='ltr'>affert</span> <span class='ocrx_word' id='word_1_492' title='bbox 1483 2064 1565 2106; x_wconf 79' lang='lat' dir='ltr'>hujus</span> 
     </span>
     <span class='ocr_line' id='line_1_43' title="bbox 330 2107 1561 2164; baseline -0.011 -14"><span class='ocrx_word' id='word_1_493' title='bbox 330 2119 520 2164; x_wconf 72' lang='lat' dir='ltr'>phoenomcni</span> <span class='ocrx_word' id='word_1_494' title='bbox 535 2118 644 2147; x_wconf 68' lang='lat' dir='ltr'>caulam</span> <span class='ocrx_word' id='word_1_495' title='bbox 658 2140 666 2152; x_wconf 85' lang='lat'><em>,</em></span> <span class='ocrx_word' id='word_1_496' title='bbox 689 2116 826 2146; x_wconf 67' lang='lat' dir='ltr'>nimitum</span> <span class='ocrx_word' id='word_1_497' title='bbox 842 2110 1029 2143; x_wconf 70' lang='lat' dir='ltr'>reflexionem</span> <span class='ocrx_word' id='word_1_498' title='bbox 1044 2109 1187 2141; x_wconf 78' lang='lat' dir='ltr'>mdiorum</span> <span class='ocrx_word' id='word_1_499' title='bbox 1206 2121 1240 2142; x_wconf 82' lang='lat' dir='ltr'>cx</span> <span class='ocrx_word' id='word_1_500' title='bbox 1259 2109 1402 2153; x_wconf 81' lang='lat' dir='ltr'>utriusque</span> <span class='ocrx_word' id='word_1_501' title='bbox 1421 2107 1561 2153; x_wconf 65' lang='lat' dir='ltr'>palpebrae</span> 
     </span>
    </p>
   </div>
  </div>
 </body>
</html>
