1638 2345
208 205 296 234 ΑΝΝ.

208 252 301 285 1670,

212 295 302 327 167¹,

210 335 301 371 3472-

316 167 355 197 96
522 166 527 169 ’
613 161 798 193 REGIAE
839 159 1261 193 SCIENTIARUM

316 204 387 235 buit.
411 204 483 235 Non
501 208 578 236 enim
602 203 804 236 tantummodo
824 203 860 234 ad
880 202 983 233 Polum
1002 202 1092 245 usque
1108 205 1136 234 in
1153 203 1196 233 his
1217 202 1381 245 regionibus
1395 201 1468 234 fiunt
1484 202 1546 234 stn-

317 246 427 283 sibilcs,
456 247 502 278 sed
522 247 634 279 nonnisi
654 259 742 290 prope
764 249 900 277 verticem
917 245 1069 277 desinunt:
1090 245 1160 277 adeo
1175 256 1206 276 ut
1234 245 1298 276 l’oli
1321 245 1483 277 altitudines
1501 245 1546 276 vel

318 303 352 321 eo
381 294 499 322 nomine
523 290 575 321 sint
593 290 786 333 corrigendae,
808 289 888 330 quod
916 292 1010 331 utique
1035 290 1172 320 Bononiae
1196 289 1331 331 praestirit.

352 333 432 364 Idem
452 335 491 364 D.
516 332 626 365 Callini
639 357 647 369 ,
667 344 782 364 necnon
808 334 848 364 D.
882 332 925 362 D.
941 331 976 362 de
997 330 1194 363 Robcrvcrval
1215 335 1245 363 &
1268 331 1394 364 Frenicle
1415 332 1482 364 alias
1502 336 1548 364 in.

320 376 466 408 veniendae
489 376 668 408 refrac'kionis
686 379 745 407 vias
763 375 798 407 ab
816 378 849 406 iis
869 386 932 417 quae
945 374 961 404 ὲ
975 375 1173 416 Tychonianis
1195 375 1257 406 sunt
1275 377 1346 407 trita:
1362 397 1371 411 ,
1395 377 1549 419 proposue-

321 431 408 455 runt,
427 431 489 462 quae
506 423 624 452 Luteriae
636 418 772 464 positioni
788 422 979 454 conveniant,
995 428 1087 460 neque
1099 418 1134 448 ab
1148 417 1299 449 altitudine
1316 418 1382 450 Poli
1394 419 1548 462 pendeant,

322 463 372 494 ubi
393 462 635 495 Observatorium
655 485 666 499 ,
685 462 764 506 quod
791 463 881 504 Regis
903 459 1100 492 munificentia
1119 463 1176 502 jam
1201 465 1293 492 extrui
1318 472 1447 506 coeptum
1465 473 1525 493 erat
1538 486 1548 498 ‚

324 506 484 537 absolutum
510 505 611 537 fuisset.
638 508 758 538 Interim
783 506 824 536 D.
853 504 954 536 Picard
973 515 1060 547 quam
1078 502 1180 534 multas
1198 503 1313 546 lingulis
1331 505 1431 536 diebus
1451 508 1481 536 oc
1495 505 1551 536 ho-

324 552 361 580 ris
377 547 494 581 diverlis
507 548 672 580 altitudines
696 547 772 581 Solis
794 547 978 583 observavit,
1004 550 1076 578 inito
1096 545 1207 577 calculo
1228 559 1262 577 an
1278 559 1343 578 cum
1362 547 1474 579 duobus
1496 549 1550 578 ho-

324 592 442 635 rologiis
459 591 641 623 oscillaroriis
654 617 662 627 ,
680 592 725 622 seu
750 590 883 634 pendulis
900 590 935 622 ad
956 589 1044 621 solem
1063 591 1162 633 aptatis
1187 592 1217 620 &
1232 590 1284 621 rite
1307 601 1371 622 cum
1394 590 1480 622 stellis
1493 602 1551 621 non

325 634 482 666 errantibus
497 634 610 666 collatis
628 637 826 666 convenirent.

365 680 413 709 11.
438 677 514 709 lllud
533 689 646 722 quoque
666 676 814 720 quaefitum
835 676 873 707 est
892 676 994 719 quibus
1010 677 1168 708 rationibus
1191 675 1371 708 planetarum
1399 675 1553 720 parallaxes

325 721 477 765 perspeClae
501 721 689 754 haberemur:
709 720 772 752 sunt
785 723 863 751 enim
886 722 959 749 ueris
978 719 1156 751 Planctarum
1174 719 1243 750 locis
1264 721 1442 751 inveniendis
1457 722 1554 750 omni-

327 776 366 795 no
386 763 552 796 neceffariae.
571 766 612 798 D.
633 762 743 794 Caffini
763 774 869 795 novam
880 774 925 793 eas
938 762 1248 806 reperiendirationem
1262 766 1451 806 excogitavit,
1468 773 1556 805 eaque

327 806 390 839 usus
410 808 448 838 est
462 830 469 842 ,
493 819 579 850 quam
602 809 684 838 annis
702 806 940 849 consequentibus
960 804 1088 848 perfecit.

358 852 428 882 111.
452 853 498 882 Dc
520 853 679 894 aequatione
694 850 806 881 dierum
827 852 922 880 astum
937 848 1037 879 itidem
1063 850 1116 880 fuit
1131 860 1138 883 3
1158 860 1276 890 quaeque
1293 859 1368 879 anno
1386 847 1527 893 superiore
1540 849 1555 879 a

330 895 373 927 D.
390 893 507 925 Cassino
518 895 629 938 digestae
651 892 762 924 fuerant
783 892 886 924 tabulae
898 915 907 928 ‚
923 895 1045 924 examini
1068 893 1129 924 sunt
1140 891 1280 933 subjeelae.
1301 895 1329 923 Is
1345 902 1460 935 quoque
1474 892 1557 936 scrip-

330 949 360 968 to
386 937 421 968 ab
441 949 499 968 uno
514 938 530 969 ὲ
552 940 691 968 Societate
709 938 808 980 Regia:
829 935 987 979 Anglicana
1005 935 1121 978 vulgato
1142 936 1287 979 respondit
1303 934 1337 965 de
1353 938 1461 966 ratione
1477 938 1557 966 inve-

330 980 428 1011 niendi
453 992 513 1011 tum
532 981 678 1024 Apogaea,
699 990 761 1011 tum
782 981 1007 1011 excentricirates
1029 980 1210 1010 Planetatum
1227 1001 1237 1014 ‚
1256 989 1369 1009 necnon
1390 981 1420 1010 ὅ(
1446 977 1559 1010 medios

329 1035 429 1054 eorum
447 1034 552 1055 motus.

362 1068 404 1097 Eo
424 1067 544 1109 quidem
560 1077 635 1098 anno
652 1077 718 1097 cum
742 1067 824 1097 Mars
850 1068 881 1096 &
906 1068 1006 1096 Venus
1027 1075 1107 1096 terrae
1127 1064 1214 1097 effent
1234 1066 1384 1109 proxima,
1410 1066 1450 1095 D.
1465 1062 1559 1096 Caffi.

331 1121 384 1141 nus
408 1122 470 1141 earn
492 1113 610 1154 arripuit
625 1108 802 1141 occasionem
818 1130 827 1144 ‚
846 1107 1006 1139 distantiam
1025 1111 1167 1151 utriusque
1192 1108 1314 1139 Planetae
1334 1107 1512 1139 dimetiendi.
1527 1110 1559 1138 ln

334 1155 431 1184 Marte
451 1153 563 1184 easdem
589 1155 692 1196 reperit
715 1152 840 1183 maculas
866 1163 936 1195 quas
959 1163 1022 1182 ante
1036 1150 1148 1194 aliquot
1162 1163 1251 1183 annos
1272 1155 1441 1187 invenerat,
1459 1152 1473 1183 ὲ
1494 1154 1560 1194 qui·

333 1196 386 1227 bus
411 1199 513 1228 Martis
535 1200 608 1228 circa
629 1196 708 1226 suum
732 1207 814 1227 axem
832 1198 904 1226 verti
931 1197 1003 1225 intra
1021 1206 1060 1230 ²4
1082 1196 1165 1226 horas
1185 1207 1219 1235 37
1238 1206 1285 1226 aur
1305 1206 1346 1233 40
1365 1197 1436 1225 min.
1457 1194 1560 1237 depre-

336 1240 491 1276 henderat,
509 1239 589 1282 quod
606 1239 765 1270 recentibus
782 1237 1031 1269 observationibus
1048 1237 1242 1270 confirmavit.
1255 1240 1335 1280 Qas
1348 1249 1442 1269 autem
1463 1240 1491 1267 in
1507 1241 1561 1279 ¹Ve-

336 1294 402 1313 nerc
427 1282 651 1326 deprehenderat
672 1281 793 1313 maculas
805 1307 812 1318 ‚
836 1293 975 1325 vaporum
994 1280 1108 1312 fortass'c
1126 1285 1201 1313 circa
1217 1283 1414 1312 Horizontem
1439 1280 1562 1312 flustua.

337 1328 395 1357 erio
417 1329 447 1357 in
468 1325 548 1357 causa
568 1325 620 1358 fuit
641 1337 690 1356 cur
705 1337 750 1356 eas
769 1324 920 1356 observare
933 1335 992 1355 non
1013 1328 1148 1368 potuerit.

354 1408 357 1409 .
374 1372 429 1400 lx.
459 1370 505 1401 De
525 1370 599 1412 jove
620 1369 650 1400 id
675 1368 827 1411 quodiam
851 1368 992 1411 superiore
1012 1380 1088 1398 anno
1116 1368 1132 1398 ἒι
1147 1367 1173 1398 se
1185 1365 1368 1400 observatum
1395 1366 1494 1407 fuerat,
1509 1379 1563 1399 no-

337 1411 389 1443 dos
415 1413 497 1454 hujus
524 1412 648 1444 leetae
674 1434 682 1448 ‚
701 1411 745 1442 seu
769 1412 905 1442 sectiones
927 1411 1003 1442 illius
1020 1411 1122 1442 orbitat
1141 1422 1207 1442 cum
1233 1409 1371 1456 Ecliptica
1395 1410 1483 1442 tribus
1498 1422 1566 1455 gra.

337 1454 422 1486 dibus
446 1456 562 1499 longius
581 1454 634 1486 effe
649 1466 798 1498 promotos
816 1477 824 1491 ‚
843 1466 929 1497 quam
944 1454 1069 1497 Keplero
1094 1458 1124 1486 ὃ(
1145 1454 1319 1497 Lansbergio
1340 1453 1431 1485 visum
1450 1452 1540 1486 fuerat
1553 1477 1564 1490 ,

339 1498 422 1542 plane
441 1501 622 1542 exploratum
645 1498 761 1534 habuit,
784 1498 869 1542 idque
888 1509 953 1529 curn
972 1497 1219 1529 observationibus
1244 1498 1396 1538 Tychonis
1410 1500 1566 1529 convenire

337 1546 488 1585 comperit.
512 1545 644 1583 Qatuor
664 1543 746 1585 hujus
769 1542 892 1573 Plauetae
917 1541 1049 1572 satellites
1064 1545 1094 1573 δε
1115 1552 1215 1572 eorum
1243 1540 1377 1584 periodos
1394 1550 1500 1584 magno
1510 1541 1567 1572 stu-

339 1578 390 1614 dio
410 1597 511 1615 uerum
528 1584 689 1628 persecutus
704 1609 711 1620 ,
734 1590 781 1617 vix
800 1584 888 1616 ullam
910 1587 938 1616 in
957 1584 1183 1616 revolutionibus
1206 1587 1292 1629 primi
1309 1587 1339 1616 &
1365 1583 1462 1615 ultimi
1486 1583 1568 1614 satel-

341 1628 424 1658 litum
451 1640 500 1671 per
522 1628 630 1659 multos
651 1628 761 1660 menses
786 1632 889 1672 reperit
904 1629 1132 1672 inaequalitatem.
1159 1629 1199 1658 Ex
1220 1639 1277 1672 quo
1300 1627 1330 1659 id
1344 1627 1512 1658 conclusum
1531 1626 1567 1658 ab

341 1682 376 1701 co
400 1669 453 1701 fuit
473 1672 532 1702 hae:
557 1671 644 1702 sidera
658 1695 666 1708 ‚
685 1672 759 1702 illud
776 1674 917 1715 imprimis
938 1672 1017 1713 quod
1032 1673 1100 1714 Jovi
1121 1672 1158 1702 tst
1174 1674 1357 1714 proximum,
1383 1674 1463 1710 cujus
1475 1669 1570 1701 celer-

345 1725 430 1744 rimus
452 1714 490 1744 est
509 1726 626 1750 motus,
643 1714 815 1746 definiendis
839 1715 969 1746 locorum
987 1714 1211 1758 longitudinibus
1232 1712 1286 1744 effi:
1307 1711 1455 1757 aptiffima.
1481 1713 1568 1745 Unde

348 1761 377 1788 ἃ
395 1760 479 1799 primi
504 1758 629 1788 satellitis
650 1758 851 1802 Epherncrides
871 1761 1028 1802 pertexuit,
1054 1769 1117 1802 quae
1140 1769 1205 1787 cum
1228 1755 1478 1788 observationibus
1491 1767 1569 1787 com-

349 1811 449 1843 pat-ira*
473 1801 559 1843 longe
591 1804 741 1832 certiorem
767 1802 944 1832 inveniendae
967 1802 1101 1844 cujusque
1127 1801 1183 1832 loci
1201 1799 1386 1842 longitudinis
1410 1802 1485 1831 viam
1506 1800 1570 1844 sup.

350 1843 606 1886 pffluwt,qffim
630 1843 979 1876 Moelr&fflmsmhuae

393 1891 431 1917 V.
454 1887 554 1916 Mense
578 1888 668 1930 Junio
693 1891 760 1918 anni
783 1895 858 1926 1670
880 1899 985 1918 novam
1011 1886 1119 1918 stellam
1140 1898 1229 1929 prope
1247 1888 1332 1928 cygni
1356 1897 1439 1930 caput
1461 1887 1502 1918 D.
1527 1888 1570 1918 D.

352 1929 461 1960 (lassini
485 1933 514 1961 8<
534 1930 634 1961 Picard
656 1930 807 1973 dihgenrer
827 1930 1010 1962 oblervarunt
1026 1944 1033 1961 z
1059 1941 1177 1960 exeunte
1193 1928 1354 1973 Septcnibri
1375 1929 1488 1973 penitus
1510 1941 1573 1961 cva-

350 1978 420 2007 nuit.
443 1972 576 2004 Celebris
596 1985 708 2017 quoquc
725 1974 801 2004 stella
822 1977 851 2004 in
879 1974 956 2004 collo
970 1975 1037 2005 Ceti
1055 1977 1136 2004 certis
1158 1972 1334 2015 temporibus
1353 1973 1503 2016 conspicua
1525 1973 1573 2004 di-

350 2017 498 2059 ligentiam
515 2018 553 2046 D.
567 2017 674 2048 Cadini
690 2029 748 2047 non
760 2017 869 2060 cffugit.
880 2021 921 2049 Ex
937 2018 988 2048 suis
1009 2020 1037 2047 δέ
1057 2016 1118 2048 aliis
1131 2029 1191 2060 qur
1202 2015 1351 2058 publicarat
1361 2015 1424 2047 sunt
1438 2015 1572 2048 observa-

353 2060 478 2091 tionibus
491 2060 545 2090 hoc
553 2064 704 2104 comperit,
715 2061 825 2092 casdem
835 2061 919 2102 hujus
929 2060 1013 2090 stella:
1024 2059 1120 2102 phales
1130 2062 1232 2090 exactis
1243 2071 1332 2103 prope
1348 2071 1403 2099 330
1416 2058 1514 2090 diebus
1528 2071 1573 2090 rc-

351 2114 482 2138 currme,
504 2102 541 2133 sic
558 2115 652 2134 tamen
672 2115 703 2135 ut
720 2115 814 2135 motus
841 2108 901 2146 ejus
918 2115 976 2133 non
993 2105 1064 2134 adeo
1080 2103 1112 2134 lit
1133 2104 1262 2134 constans
1277 2105 1308 2133 &
1330 2102 1487 2144 aeqrrabilis,
1502 2106 1574 2146 quin

351 2146 506 2189 aliquando
529 2149 589 2188 ejus
617 2148 753 2180 restitutio
775 2148 810 2180 ad
840 2146 959 2178 candem
983 2145 1092 2190 pliafim
1128 2159 1138 2179 1
1156 2159 1169 2188 5
1205 2151 1235 2181 &
1260 2144 1382 2189 amphus
1406 2145 1505 2177 diebus
1531 2157 1575 2176 re.

1425 2188 1550 2221 tardetur
1561 2211 1571 2225 ‚
