1638 2345
186 169 273 198 Asi-r.

189 217 274 249 1693.

299 127 355 161 306
604 120 780 153 REGIAE
829 116 1218 149 SCIENTIARUM

298 177 343 196 tur
364 189 374 202 ,
402 167 444 197 D.
469 164 650 197 Tournefort
670 165 771 194 allium
809 161 853 192 his
888 161 1084 192 intestinorum
1119 156 1290 191 torminibus
1315 159 1458 202 optimum
1492 165 1530 192 ait

299 208 352 239 esse
375 209 545 240 remedium.
580 210 640 250 Ego
662 202 779 250 quidem
800 204 946 237 interdum
969 204 1029 236 vidi
1048 205 1154 235 ventris
1173 203 1297 234 tormina
1320 201 1408 234 sedari
1433 203 1530 234 hausto

300 252 415 295 pulvere
437 252 549 295 glandis
568 262 623 280 una
640 261 706 281 cum
725 253 794 280 vino
813 248 960 291 generoso.
988 248 1055 278 Pars
1077 249 1195 278 interior
1211 243 1325 288 glandis
1343 247 1373 275 δε
1386 244 1462 287 quasi
1476 257 1531 276 nu-

297 295 375 326 cleus
405 299 434 326 in
457 295 602 337 pulverem
627 295 846 324 comminuitur.
881 292 946 323 Nec
961 290 1034 321 clam
1050 302 1096 321 me
1112 290 1149 321 est
1175 291 1191 321 ὲ
1213 285 1329 320 diversis
1350 288 1435 320 causis
1454 290 1530 323 hunc

297 341 368 369 oriri
393 340 526 370 morbum
540 359 550 374 ‚
572 348 624 368 nec
641 336 746 368 eodem
767 336 855 367 sanari
877 334 1078 368 medicamine.

699 471 732 507 C
758 471 793 508 A
818 472 843 507 P
865 473 903 509 U
927 470 962 505 T
1044 471 1125 507 IV.

694 563 742 593 De
769 555 856 592 rebus
887 554 1135 594 Mathematicis.

295 648 322 677 Ι.
437 647 467 675 Ie
490 656 526 677 22
541 645 671 688 Januatii
689 643 805 687 Eclipsis
829 647 916 675 Lunx
932 642 1026 674 totalis
1047 644 1166 674 Luteriae
1183 640 1331 672 observari
1351 650 1410 670 non
1430 640 1537 682 potuit.

438 689 516 732 quod
537 688 645 718 coelum
667 687 792 719 nubibus
815 687 881 718 ess'et
906 686 1077 717 obdustum.
1111 687 1197 715 Hanc
1218 682 1352 714 Maffiliae
1372 683 1536 713 observavit

298 733 340 764 D.
356 730 512 764 Chazcllcs
532 746 539 763 ι
565 743 598 762 ex
623 730 777 763 illustrium
802 729 977 761 macularum
1003 728 1185 762 immerfione
1201 730 1230 758 in
1247 727 1356 758 telluris
1378 724 1513 757 umbram
1527 748 1538 762 ,

298 779 330 806 δέ
347 788 380 807 ex
400 786 495 806 earum
512 773 668 806 emersione
688 786 751 818 qua:
774 785 836 805 tum
856 772 924 804 esset
942 775 1028 804 Lunae
1048 771 1169 803 latitudo
1185 793 1194 806 ‚
1216 769 1363 802 subdustis
1383 768 1498 800 calculis
1519 766 1537 796 ὲ

300 819 342 850 D.
357 817 475 849 Caffino
493 817 659 849 conclusum
681 817 735 849 fuit
749 840 760 854 ,
791 816 960 859 Eclipticam
981 827 1043 858 qux
1065 826 1196 846 centrum
1218 813 1328 845 umbra:
1344 810 1493 856 pertransit
1520 809 1537 840 ὃ

300 872 400 893 centro
423 864 512 893 Lunae
527 872 626 903 quarta
645 871 722 904 parte
745 861 876 893 diametri
899 859 1004 889 lunaris
1024 870 1085 889 tum
1106 868 1250 889 remotam
1274 856 1364 886 fuisse.
1390 857 1470 886 Cum
1487 865 1539 883 au-

302 914 360 935 tem
388 904 549 935 differentia
574 904 801 934 meridianorum
830 905 973 933 Lutetiam
997 904 1072 932 inter
1099 904 1129 931 &t
1157 898 1315 932 Massiliam
1341 898 1373 929 sit
1399 910 1434 928 ιι.
1459 898 1537 927 hotae

303 952 408 978 minut.
430 958 462 978 ut
486 945 611 990 superius
635 947 859 978 demonstratum
875 943 929 975 fuit
951 966 960 979 ‚
984 943 1197 975 observationes
1220 945 1293 974 cirea
1318 944 1435 973 initium
1460 938 1540 970 Ecli-

303 990 385 1032 pseos
406 1015 415 1026 ,
437 988 650 1020 immersionem
671 991 813 1032 integram
834 1011 844 1024 ,
874 985 1038 1018 emerfionis
1062 989 1177 1017 initium
1204 988 1234 1016 &
1257 984 1346 1016 finem
1370 985 1453 1014 omni
1481 980 1538 1014 fere

304 1045 337 1063 ex
356 1044 434 1076 parre
453 1043 519 1063 cum
534 1032 645 1064 calculo
666 1031 684 1061 ὲ
697 1033 740 1065 D.
755 1033 793 1063 Le
806 1035 892 1063 Fevre
906 1041 970 1061 ante
985 1032 1061 1061 inito
1075 1029 1233 1060 consentire
1249 1028 1315 1060 visa:
1331 1027 1401 1058 sunt,

350 1079 361 1106 1
375 1079 399 1107 Ι.
432 1077 510 1107 Cum
530 1078 605 1106 circa
621 1076 772 1119 septimum
791 1075 869 1105 diem
889 1072 1060 1104 Decembris
1075 1075 1140 1103 anni
1170 1077 1245 1111 1692
1256 1094 1265 1106 ‚
1280 1072 1392 1114 jupiter
1405 1072 1436 1100 in
1448 1067 1539 1112 opposs

303 1118 405 1150 sitione
431 1118 477 1149 sua
494 1130 560 1149 cum
584 1117 652 1150 Sole
673 1122 842 1162 reperiretur
868 1143 876 1153 ,
902 1118 943 1147 D.
960 1117 1002 1148 D.
1022 1115 1111 1147 Dela
1128 1118 1203 1147 Hire
1221 1119 1251 1146 δι
1269 1114 1403 1146 Sedileau
1429 1122 1541 1155 tempus

304 1162 381 1193 illius
399 1161 587 1205 oppositioni-s
605 1173 712 1205 magno
725 1161 817 1193 studio
840 1164 870 1191 δε
890 1171 956 1191 cura
977 1158 1173 1190 observarunt.
1201 1160 1281 1188 Hinc
1296 1160 1374 1188 enim
1394 1155 1482 1186 medii
1497 1154 1542 1185 su-

304 1209 448 1247 periorum
470 1205 646 1248 planetarum
666 1216 761 1236 motus
774 1227 784 1240 ‚
807 1205 1030 1234 excentricitates
1048 1207 1078 1233 δε
1096 1201 1220 1245 Aphelia
1243 1212 1378 1232 eruuntur
1391 1222 1400 1235 ,
1423 1210 1489 1229 cum
1510 1199 1542 1228 in

304 1248 403 1279 iisdem
421 1249 564 1290 Eclipticae
577 1247 646 1279 locis
660 1248 810 1278 videantur
823 1273 831 1285 ,
853 1250 881 1276 in
896 1245 999 1288 quibus
1016 1257 1049 1275 ex
1064 1245 1129 1275 Sole
1143 1244 1203 1287 ipso
1221 1244 1396 1274 viderentur.
1419 1245 1454 1272 In
1467 1252 1543 1271 con-

303 1293 451 1332 jnmz'kione
473 1292 513 1322 sui
533 1293 646 1333 copiam
670 1301 730 1320 non
750 1290 855 1319 faciunt
869 1311 877 1322 ,
903 1299 980 1318 extra
1011 1299 1054 1316 (οι
1068 1289 1243 1328 ῇιιηᾶἰοηεηῑ
1269 1290 1299 1317 &
1329 1284 1542 1328 oppositionem

303 1345 369 1368 gum
391 1333 481 1369 Sole,
505 1336 653 1375 apparenti
672 1331 857 1374 inaequalitati
873 1342 906 1360 ex
920 1341 1015 1359 annuo
1038 1342 1117 1360 motu
1138 1341 1207 1360 ottzc
1225 1331 1286 1359 sunt
1300 1329 1431 1358 obnoxii.
1454 1326 1542 1358 Unde

304 1376 444 1416 ejusmodi
475 1374 688 1406 observationes
721 1378 749 1406 in
781 1372 1009 1418 oppositionibus
1034 1384 1161 1403 accurate
1182 1372 1243 1402 fit-ri
1273 1371 1363 1401 solent
1387 1373 1417 1400 in
1446 1370 1541 1411 Regio

305 1418 525 1449 observatorio.
553 1420 627 1459 Qoe
643 1417 658 1447 ὲ
684 1418 725 1450 D.
741 1417 871 1447 Sedileau
885 1414 984 1445 dicbus
1007 1422 1023 1447 6
1039 1437 1047 1449 ‚
1067 1428 1084 1453 7
1107 1419 1136 1446 &
1162 1419 1176 1445 8
1195 1413 1367 1445 Dectmbrts
1379 1411 1461 1447 fache
1477 1411 1542 1451 fue2

303 1472 368 1492 runt
382 1461 593 1492 observationes
605 1483 615 1495 ‚
639 1463 669 1491 in
689 1461 771 1491 Astis
788 1458 887 1490 mensis
903 1457 1044 1488 Februarii
1063 1458 1193 1489 dilucide
1209 1467 1400 1501 exponuntur.

352 1507 427 1536 111.
466 1506 523 1536 Die
548 1515 578 1541 13
605 1504 776 1534 Decembris
798 1506 838 1534 D.
855 1504 901 1533 De
921 1501 946 1530 la
964 1502 1036 1531 Hire
1052 1502 1135 1543 Jovis
1156 1505 1187 1531 Sc
1210 1503 1325 1532 Saturni
1348 1499 1543 1542 oppositiones

304 1551 361 1587 jam
377 1547 392 1576 a
407 1546 505 1578 multis
519 1550 600 1577 annis
618 1546 706 1577 faetas
718 1557 782 1577 cum
799 1545 901 1576 tabulis
918 1543 1115 1586 Rudolphinis
1127 1543 1245 1576 collatas
1257 1542 1388 1576 exhibuit
1399 1565 1409 1578 ,
1424 1541 1545 1584 chleti

306 1591 453 1633 Epocham
473 1594 546 1620 circa
559 1590 641 1631 Jovis
662 1594 692 1620 &
708 1592 825 1621 Saturni
850 1586 1043 1631 oppositiones
1066 1589 1198 1618 correxit.

349 1637 412 1664 tv.
455 1636 482 1664 Is
508 1631 566 1674 ipsc
587 1632 632 1663 die
654 1644 689 1663 ιι.
712 1635 811 1663 Martii
838 1634 925 1662 Lunx
943 1641 990 1672 per
1010 1629 1139 1662 Pleiadas
1160 1629 1306 1661 transitum
1327 1629 1479 1672 diligenter
1495 1627 1545 1658 ob-

307 1676 425 1707 servu-it
444 1698 453 1710 ‚
485 1680 526 1706 uti
545 1675 642 1705 videre
663 1676 701 1705 est
723 1679 750 1706 in
774 1677 854 1706 Αᾶις
879 1672 981 1704 mensis
1004 1675 1106 1704 Martii
1127 1696 1136 1709 ‚
1163 1673 1211 1704 ubi
1234 1673 1377 1704 stellarum
1405 1672 1420 1701 ὲ
1439 1670 1545 1713 quibus

305 1719 366 1749 haec
383 1717 559 1749 constellatio
583 1718 736 1754 coalescit,
755 1717 844 1760 figura
866 1717 1005 1748 delineata
1021 1728 1086 1746 cum
1101 1715 1258 1747 numerosis
1275 1715 1390 1746 stellulis
1403 1725 1467 1756 quae
1484 1725 1547 1745 ma-

306 1762 416 1801 joribus
440 1773 549 1791 tantum
571 1760 730 1804 telescopiis
753 1761 943 1803 deteguntur,
966 1759 1084 1801 pulchre
1107 1762 1286 1802 exprimitur.
1313 1759 1407 1799 Atque
1423 1758 1463 1787 hr-
1478 1756 1547 1788 stels

307 1803 372 1835 lula:
392 1815 454 1847 qux
479 1803 646 1834 idemtidem
662 1815 727 1834 cum
749 1806 828 1835 Luna
849 1805 1010 1844 conjitnstae
1033 1802 1159 1845 eclipsim
1173 1804 1316 1846 patiuntur
1329 1825 1338 1836 ‚
1357 1811 1464 1842 magno
1480 1799 1545 1835 sun:

307 1846 369 1877 usui
386 1870 394 1882 ‚
414 1858 444 1877 ut
460 1849 546 1877 Lunae
569 1857 663 1876 motus
684 1847 811 1877 accurate
827 1845 990 1876 definiatur.

352 1893 390 1921 V.
417 1889 526 1920 Eodem
544 1899 658 1931 quoque
672 1901 800 1932 tempore
823 1890 863 1920 D.
881 1887 1014 1919 Sedileau
1029 1891 1116 1919 Lunae
1130 1886 1275 1919 transitum
1299 1898 1347 1930 per
1362 1886 1492 1918 Pleiadas
1511 1889 1544 1923 ὃς

311 1932 435 1976 ,Eclipses
454 1932 561 1974 aliquot
582 1930 755 1962 stellularum
777 1932 937 1963 observavit
953 1954 962 1967 ‚
983 1943 1064 1974 atque
1077 1932 1144 1963 hinc
1161 1930 1373 1973 longitudinem
1385 1956 1395 1970 ,
1415 1930 1545 1966 latitudis-J

312 1988 378 2006 nem
402 1980 432 2007 &
458 1974 626 2017 parallaxim
648 1976 734 2006 Luna:
757 1978 839 2006 eruit.

359 2022 383 2049 V
397 2021 420 2051 Ι.
457 2021 534 2056 Inter
554 2017 768 2048 observationes
789 2019 999 2049 Astronomicas
1020 2029 1081 2060 qua:
1100 2017 1181 2049 faeta:
1206 2018 1266 2048 sunt
1291 2017 1306 2047 ὲ
1331 2019 1362 2048 Ρ.
1381 2019 1413 2048 Ρ.
1444 2019 1544 2048 Socios

317 2065 378 2092 tatis
398 2065 426 2092 in
446 2061 554 2093 Sincnsi
571 2071 678 2103 regno,
700 2065 730 2092 δι
755 2073 825 2104 quas
846 2061 876 2090 P.
893 2062 985 2091 Gouie
1000 2062 1053 2091 hoc
1070 2072 1146 2091 anno
1166 2060 1271 2105 publici
1292 2064 1362 2102 juris
1382 2061 1469 2095 fecit,
1492 2058 1543 2090 illa

315 2104 433 2147 ,intigris
452 2105 488 2136 cst
501 2127 510 2142 ‚
533 2105 670 2140 Mercurii
686 2107 714 2135 in
735 2104 801 2135 Sole
821 2102 869 2135 visi
883 2126 892 2140 ,
914 2104 932 2135 ὲ.
958 2105 990 2134 Ρ.
1003 2108 1145 2146 fontenay
1168 2106 1213 2136 die
1234 2116 1265 2136 io
1282 2103 1459 2137 Novembris
1474 2104 1544 2135 anni
