1638 2345
325 141 639 173 ‘ACADEMIAE
684 141 976 173 HISTORIA.
1011 141 1149 174 an.1.
1265 155 1275 175 1

83 186 178 216 bentes
205 183 361 216 rotundum
383 186 485 230 pedem
507 185 591 216 instat
608 196 677 216 rotat
699 188 893 228 circumagunt
906 207 916 221 ‚
943 188 973 217 ὃς
999 187 1139 227 unguium
1164 189 1194 217 in
1215 153 1312 224 terra33

83 228 273 259 utclavoturn
293 240 409 261 manent
436 227 567 272 impreffa
583 229 707 271 vestigia.
1147 258 1151 264 ,

116 271 217 303 Cauda
234 274 264 302 in
286 271 326 303 sui
351 284 478 303 extremo
501 282 559 302 erat
579 282 704 307 cornea3
723 272 783 315 post
805 281 927 302 mortem
945 269 980 301 fic
997 273 1142 303 incurvata
1158 295 1166 308 ‚
1188 284 1219 305 ut
1234 274 1312 306 nulla

80 317 111 346 vi
131 313 207 346 fleffl
228 319 361 359 potuerit.
383 316 490 346 Eadem
505 313 700 346 inflexibilitas
718 318 747 345 in
773 313 952 347 maxillarum
964 314 1098 346 musculis
1112 327 1232 359 reperta,
1244 328 1314 360 qua-

82 368 147 388 rum
162 370 196 389 ex
218 358 370 389 Aristotele
396 362 439 390 vis
465 359 503 389 est
523 360 657 389 maxima.
679 359 774 402 Caput
796 368 888 402 patvoe
910 358 1057 389 testudinis
1075 370 1253 401 amputatum
1278 359 1314 391 fic

81 401 212 432 maxillas
231 413 280 445 pet
295 401 486 432 semi-horam
507 400 683 437 collidebat,
710 413 740 433 ut
762 403 907 445 strepitum
925 400 1080 444 quemdam
1102 403 1208 434 ederet.

123 442 195 475 Osse
212 446 342 475 interiori
361 456 419 487 quo
444 444 550 476 viscera
566 448 749 475 continentur
772 444 864 480 sesto,
878 443 1045 475 membrana
1065 456 1127 487 qua·
1147 447 1315 478 inferiorem

81 485 147 517 offis
167 498 275 530 partem
295 487 453 531 succingit,
472 499 589 531 qumque
606 491 752 531 petitonaei
779 491 808 519 &
832 487 991 531 pleuritidis
1013 490 1088 518 vices
1102 489 1186 525 obit,
1209 501 1317 521 ventri-

80 529 160 561 culus
180 553 189 567 ,
213 531 342 562 intestina
356 554 366 567 ‚
388 535 464 573 jecut
486 535 515 562 δέ
545 530 599 560 alia
618 531 722 561 viscera
743 536 772 562 in
797 530 980 574 consp;6tuin
1006 542 1154 562 venerunt.
1175 533 1262 576 Jecur
1287 538 1316 565 iu

80 572 211 604 dextram
232 578 262 605 &
283 573 420 606 sinistram
438 586 545 618 partem
569 596 578 609 ‚
603 584 666 616 quae
697 573 774 606 velut
796 575 900 605 isthmo
926 573 1051 616 quodam
1066 597 1076 610 ,
1101 578 1174 606 inter
1199 576 1224 607 se
1246 587 1317 607 con-

81 618 187 657 juncrae
206 628 285 648 erant
299 640 308 653 ‚
331 616 455 648 divisum
482 640 490 653 ‚
511 617 619 659 duplici
641 628 721 648 vena:
738 628 812 648 cavat
836 628 961 652 trunco,
987 617 1095 660 duplici
1118 618 1217 650 itidem
1236 631 1316 650 ramo

81 659 213 702 hepatico
235 660 401 691 instructum
423 671 492 693 erat.
525 659 637 703 Splenis
659 659 758 690 eadem
774 671 843 703 pene
860 659 952 690 forma
965 682 973 695 ,
999 671 1062 702 quae
1083 665 1156 692 renis
1172 665 1201 692 in
1217 663 1317 706 pleris-

80 712 136 744 que
147 702 328 734 animalibus,
361 702 463 735 Vefica
477 714 534 734 erat
549 703 753 746 magnitudinis
768 707 798 735 &
814 702 914 746 figutae
929 704 1040 746 prorsus
1060 704 1180 734 insolitae
1195 727 1204 740 ‚
1230 718 1263 738 12
1284 710 1316 738 δε

77 744 201 788 amplius
210 749 298 777 utinae
312 746 438 790 limpidae
455 746 542 778 libtas
557 746 722 777 continebat
735 769 744 782 ‚
756 751 786 778 in
803 747 921 789 longum
938 748 1067 789 porrecta
1078 747 1162 777 instar
1179 750 1316 786 intestini,

80 788 191 820 collum
206 792 236 820 in
251 789 349 821 medio
366 789 448 821 litum
468 801 527 821 non
545 793 574 820 in
591 789 678 821 altero
696 789 772 821 illius
791 801 930 821 extremo.
966 791 1097 820 Exteriot
1118 793 1213 821 tunica
1227 803 1318 823 mem-

54 871 57 872 7
80 830 203 863 branosa
218 857 227 868 ,
253 836 372 864 interior
385 831 470 864 crassa
486 835 641 864 innumeris
662 831 741 864 fibris
761 836 834 864 inter
856 832 882 862 se
902 832 1049 864 decussaxis
1068 855 1077 868 ‚
1099 836 1128 864 ὅ(
1148 845 1248 865 mutuo
1270 838 1318 865 in..

81 878 166 906 textis
181 879 290 906 munita
304 898 313 912 ‚
334 876 393 907 fere
410 879 481 907 utin
501 875 634 907 auriculis
654 876 756 907 cordis.
789 879 892 907 Earum
916 878 1021 920 quippe
1041 876 1105 907 usus
1123 876 1235 908 videtur
1247 889 1316 909 con=

82 916 202 954 similis,
227 931 257 950 ut
275 922 458 962 capacitatem
483 919 580 950 veficae
603 920 803 950 contrahentes
824 930 987 950 contentam
1009 922 1121 950 utinam
1143 923 1318 963 exprimant.

83 962 162 993 Cum
181 964 258 994 enim
286 961 430 994 inferioris
450 966 558 994 ventris
575 961 665 994 desint
689 962 810 993 musculi
834 986 843 999 ,
876 965 927 1005 qui
950 962 1070 994 vesicam
1095 974 1226 1007 premant
1249 987 1259 1000 ,
1288 968 1319 995 in

81 1004 170 1048 seipsa
187 1017 248 1036 eam
263 1008 322 1037 vim
336 1005 439 1038 habere
456 1005 556 1037 debuit
576 1017 631 1048 qua
650 1005 676 1036 se
692 1017 845 1037 exonerate
866 1003 966 1049 polset.

125 1051 138 1079 1
158 1051 182 1080 1.
219 1049 328 1080 Cordis
349 1050 441 1081 fotma
458 1048 521 1080 aliis
543 1060 613 1093 pene
630 1048 766 1079 omnibus
790 1048 873 1092 plane
893 1047 1045 1079 dissimilis.
1072 1050 1153 1080 Nam
1168 1054 1260 1093 major
1272 1051 1319 1083 di-

82 1091 191 1123 mensio
210 1104 268 1123 erat
293 1095 321 1123 in
334 1092 422 1123 latum
444 1108 452 1131 3
478 1090 549 1123 basis
569 1102 624 1122 tres
642 1091 747 1134 digitos
768 1092 881 1135 patebat
894 1114 904 1127 ,
927 1091 943 1122 εὶ
965 1102 1103 1123 mucrone
1118 1092 1207 1136 sesqui
1225 1094 1319 1137 digito

82 1144 194 1166 tantum
216 1134 343 1166 distabat.
376 1135 476 1167 Ambae
495 1134 629 1166 auriculae
648 1146 681 1165 ex
701 1134 756 1167 basi
772 1135 885 1166 exibant
901 1134 976 1178 quasi
999 1134 1131 1178 pendulae
1146 1147 1154 1170 3
1170 1136 1228 1167 duo
1243 1148 1319 1169 cavae

84 1182 177 1209 trunci
196 1178 231 1209 ab
252 1179 353 1221 hepate
374 1179 545 1222 prodeuntes
560 1181 589 1208 in
603 1189 752 1221 utramque
772 1177 927 1209 auriculam
941 1178 1106 1220 sanguinem
1119 1179 1316 1213 devehebant:

82 1221 160 1251 hunc
182 1223 314 1253 auricula:
342 1225 370 1253 in
397 1223 476 1252 suum
504 1232 624 1264 quaeque
653 1220 839 1252 effundebant
866 1221 1082 1258 ventriculum,
1110 1225 1140 1253 δι
1164 1225 1319 1265 unicuique

82 1264 155 1295 ostio
177 1275 231 1295 ttes
245 1276 323 1296 etant
345 1265 465 1296 vavlulae
484 1263 637 1308 ligmoidcs
651 1290 659 1300 ,
682 1275 744 1306 quae
764 1263 911 1295 obstabant
929 1275 964 1294 ne
985 1263 1097 1307 sanguis
1118 1264 1154 1296 ad
1179 1267 1319 1298 auriculas

84 1318 234 1339 remearet.

130 1353 142 1381 Ι
157 1353 202 1382 11.
226 1351 333 1395 Aspera
351 1354 450 1383 arteria
461 1355 489 1383 in
504 1353 600 1394 ptimo
612 1349 784 1394 pulmonum
805 1345 927 1393 ingressu
942 1360 1000 1380 non
1012 1349 1097 1381 tubos
1107 1349 1318 1393 cartilagineos,

84 1393 132 1424 sed
143 1395 356 1427 membranosos
377 1394 534 1438 spargebat.
561 1396 603 1425 Hi
621 1394 724 1424 dustus
746 1404 844 1424 tenues
864 1397 894 1424 &
922 1392 1058 1436 pellucidi
1082 1391 1254 1435 quibusdam
1278 1393 1320 1424 li..

85 1441 226 1478 garrientis
239 1441 271 1469 in
290 1438 414 1468 formam
427 1441 492 1468 tetis
505 1440 646 1468 contextis
665 1436 830 1468 firmitatem
846 1438 922 1467 naCti
936 1435 1011 1479 quafi
1023 1435 1145 1467 annulos
1156 1448 1204 1468 aut
1217 1435 1319 1469 fibulas

85 1479 248 1512 efficiebant
265 1504 274 1517 ,
293 1493 326 1512 ex
339 1481 442 1523 quibus
456 1484 484 1512 in
505 1479 629 1512 sacculos
649 1503 658 1516 ,
681 1483 711 1512 &
728 1492 761 1511 ex
779 1483 812 1511 iis
826 1483 855 1510 in
869 1479 938 1510 alios
953 1479 1067 1523 patebat
1084 1479 1187 1510 aditus.

131 1527 195 1556 IV.
229 1526 307 1555 Curn
325 1527 355 1555 in
373 1525 490 1554 homine
510 1527 540 1555 δι’
562 1526 591 1554 in
610 1526 728 1555 tettenis
748 1522 940 1554 animantibus
960 1522 1110 1565 pulmones
1128 1521 1235 1553 carnosi
1251 1534 1318 1555 om-

86 1567 158 1597 nino
175 1568 325 1599 videantur
347 1589 356 1602 ‚
387 1570 416 1598 in
435 1567 572 1598 testudine
586 1590 595 1603 ,
618 1570 691 1597 tanis
710 1589 719 1602 ,
740 1566 913 1610 serpentibus
936 1568 995 1596 &c.
1022 1565 1108 1596 iidem
1128 1565 1189 1596 sunt
1205 1571 1318 1609 penitus

87 1609 302 1647 membranosi,
326 1614 355 1642 in
379 1609 478 1642 avibus
501 1613 603 1653 partim
626 1608 733 1641 carnosi
754 1633 762 1646 ,
786 1613 889 1654 partim
906 1608 1118 1640 membranofi:
1144 1609 1199 1639 hoc
1215 1609 1316 1640 discti-

86 1657 173 1684 minis
187 1665 246 1685 non
262 1666 295 1684 ex
311 1653 484 1697 pulmonum
501 1653 606 1684 fabrica
620 1675 630 1689 ,
653 1652 698 1683 sed
718 1665 751 1684 cx
768 1655 870 1695 majori
889 1663 936 1683 aut
956 1655 1063 1683 minori
1077 1655 1160 1695 copia
1176 1651 1318 1684 sanouinis

86 1699 119 1727 δε
137 1696 267 1728 vasorum
286 1697 474 1741 repetendum
500 1697 622 1729 videtur.
658 1697 738 1727 Nam
761 1699 790 1726 in
808 1695 944 1727 omnibus
968 1707 1001 1726 ex
1020 1698 1154 1739 congerie
1177 1679 1318 1726 vesicula-

87 1750 150 1770 mm
164 1762 174 1776 ,
194 1753 313 1784 quarum
326 1741 473 1771 interstitia
486 1739 597 1783 replent
612 1740 676 1771 vasa
696 1739 845 1782 sanguinea
860 1761 869 1774 ‚
890 1738 1042 1782 pulmones
1053 1737 1226 1771 conflantur.
1242 1739 1316 1770 Vasa.

88 1784 118 1812 in
139 1783 256 1814 homine
280 1787 310 1815 ὅ(
333 1784 423 1815 brutis
445 1795 502 1814 tam
521 1783 636 1826 copiosa
654 1787 684 1815 δε
710 1785 782 1814 inter
803 1782 827 1813 se
848 1782 976 1812 conserta
992 1785 1084 1813 carnis
1107 1783 1228 1825 speciem
1243 1793 1316 1825 prae-

87 1823 159 1856 berit
173 1848 182 1861 ,
208 1830 238 1858 ὅ(
258 1826 333 1869 quasi
356 1829 483 1857 minores
501 1825 583 1857 lobos
598 1826 806 1857 bronchiotum
825 1825 931 1856 tubulis
949 1836 1074 1856 annexos
1092 1824 1239 1857 exhibent.
1273 1828 1315 1856 Ex

88 1871 122 1898 iis
145 1868 251 1900 lobulis
270 1874 391 1912 majores
411 1869 582 1913 pulmonum
604 1869 663 1900 lobi
685 1868 854 1900 coalescunt.

138 1915 164 1943 V
176 1936 182 1943 .
219 1915 298 1943 Hinc
317 1924 411 1944 motus
423 1912 597 1956 pulmonum
612 1915 642 1944 in
656 1916 772 1943 terrenis
797 1911 989 1943 animantibus
1003 1934 1011 1947 ‚
1039 1915 1068 1943 ὃς
1085 1915 1113 1942 in
1130 1912 1230 1943 avibus
1245 1924 1314 1943 con-

88 1958 184 1986 tinuus
206 1956 243 1986 est
262 1968 320 1986 non
341 1959 521 1998 interruptus.
549 1957 581 1985 In
601 1955 736 1986 testudine
750 1977 759 1991 ,
780 1958 854 1986 ranis
867 1981 875 1994 ,
898 1954 1087 1987 Cameleonte
1103 1958 1161 1986 &c.
1180 1958 1269 1985 rarior
1283 1958 1314 1985 &

88 1997 245 2041 inaequalis.
274 2001 384 2042 Aperto
399 1999 513 2029 thorace
534 2001 563 2029 in
586 2010 654 2029 cane
669 2001 738 2029 vivo
753 2024 762 2037 ,
785 2002 815 2030 δε
840 1999 933 2029 sterno
948 1997 1057 2029 sublato
1071 2021 1080 2033 ,
1103 1998 1193 2028 statim
1212 1997 1314 2039 pulmo

89 2041 236 2078 concidit,
263 2045 293 2073 &
317 2041 462 2072 circulatio
483 2042 624 2084 sanguinis
642 2042 722 2072 brevi
747 2041 850 2077 cessar,
873 2042 1000 2072 distentis
1016 2040 1111 2071 cordis
1129 2051 1188 2070 turn
1212 2039 1313 2072 dextro

90 2085 251 2116 ventriculo
265 2108 275 2122 ,
296 2096 357 2116 tum
379 2084 502 2115 auricula
523 2089 583 2125 ejus
615 2088 645 2116 δε
670 2096 742 2115 vena
766 2096 854 2123 cava,
873 2088 910 2116 ita
934 2096 963 2115 ut
988 2095 1057 2128 pene
1078 2083 1314 2125 disrumpantur;

92 2139 216 2173 eumque
235 2129 351 2160 animali
374 2131 462 2160 vitam
482 2127 636 2173 producere
655 2127 725 2160 libet
738 2154 746 2169 ‚
770 2132 872 2172 aptatis
891 2129 991 2172 asperae
1011 2129 1116 2159 arteria:
1138 2125 1255 2159 follibus
1269 2129 1316 2159 a'e't

1329 226 1428 256 Anim.
