1638 2345
302 68 599 100 'ACADEMIAE
635 68 941 101 HISTORIA.
974 70 1146 104 Ltn.11.
1289 80 1337 108 18³

106 113 185 154 poris
205 112 359 143 intervallo
385 112 428 144 sex
449 110 584 154 gradibus
604 115 632 142 in
650 124 739 156 parvo
759 112 867 143 circulo
881 123 967 155 quem
985 125 1058 145 circa
1069 115 1176 156 Jovtm
1194 111 1338 154 describit,
1354 121 1450 159 Astra.

109 153 196 185 fuerit
212 155 366 186 retardatus
384 177 393 190 ,
417 153 437 185 fi
457 154 554 186 motfis
574 154 609 186 ab
629 168 663 186 eo
689 154 801 187 definiti
817 167 852 187 ex
876 157 930 188 suis
946 168 1011 187 cum
1029 157 1140 188 Galilaet
1161 157 1334 192 observatio.
1353 166 1450 195 uomica

105 196 189 228 nibus
207 202 378 241 comparatis
400 201 471 229 ratio
489 198 634 229 habeatur.
668 201 749 239 Qin
768 203 798 230 ὅ(
816 210 911 230 motus
927 198 976 231 ille
989 200 1097 231 tardior
1112 200 1256 233 consimili
1274 217 1337 235 mo-

105 239 145 270 do
167 244 358 273 continuatur.
379 243 420 272 Ex
441 252 498 282 quo
522 240 571 271 illa
594 241 678 273 subiit
707 241 856 273 dubitandi
885 245 956 273 ratio
971 265 982 278 ‚
1000 255 1034 273 an
1055 242 1129 274 forte
1158 246 1336 278 planetarum

102 292 198 314 motus
218 285 309 315 tractu
324 287 460 329 temporis
472 284 604 315 nonnihil
617 283 756 316 remiffior
774 284 822 316 fiat
833 308 843 321 ,
866 285 952 328 idque
964 290 1052 328 magis
1066 286 1097 317 sit
1109 287 1239 318 sensibile
1254 293 1283 320 in
1303 294 1335 321 iis

105 325 233 357 Planetis
253 330 301 369 qui
322 327 461 358 brevioris
484 332 621 370 temporis
646 329 734 371 spatio
761 329 820 359 suas
840 328 991 360 absolvunt
1011 330 1158 371 periodos,

138 370 174 399 Et
197 370 312 413 quidem
334 370 402 401 istuc
425 370 460 401 ab
481 370 661 401 Astronomis
686 374 744 412 jam
770 370 825 402 fuir
847 372 1075 402 animadversum
1098 373 1227 404 Planetas
1251 376 1266 405 εὶ
1282 378 1336 407 Pe-

103 414 192 483 ιξὲκο
211 412 247 443 ad
272 414 431 456 Apogaeum
452 412 559 444 tardius
584 414 735 449 incedere3
757 413 802 445 sed
823 426 936 447 motum
957 414 1113 447 accelerant
1136 417 1172 448 ab
1205 419 1336 462 Apogaeo

104 465 120 484 a
165 455 334 498 Perigaeum.

157 501 267 530 Verum
283 502 313 530 &
335 499 391 529 hoc
413 498 503 542 ipsum
525 502 554 530 in
572 498 695 531 dubium
708 503 834 531 revocari
853 502 943 544 potest
957 524 966 537 ,
993 513 1026 532 an
1048 506 1155 540 primus
1176 501 1287 535 satelles
1305 508 1334 537 in

105 539 198 572 reditu
216 541 251 572 ad
276 541 398 573 eundem
422 543 520 573 locum
551 542 674 585 aliquem
693 543 842 575 celeritatis
861 545 914 575 suae
942 545 1062 587 gradum
1077 557 1136 576 non
1163 550 1290 584 amittat,
1304 560 1335 580 ut

103 581 138 615 fit
158 587 188 615 in
211 584 343 627 pendulis
362 596 424 627 quae
448 585 532 616 citius
556 596 667 616 motum
681 590 829 617 remittunt
850 588 929 618 suum
944 610 953 623 ,
968 599 1025 629 quo
1044 588 1106 620 sunt
1122 588 1262 621 breviora.

149 629 349 670 Qaecumque
373 627 404 659 sit
429 627 510 669 hujus
531 628 717 659 Phaenomeni
730 632 802 659 ratio
815 652 823 665 ‚
844 630 954 661 tabulas
978 632 1060 672 hujus
1082 631 1208 662 satellitis
1228 633 1263 665 ad
1283 632 1334 665 ob-

102 668 274 701 servationes
290 673 348 702 suas
360 671 376 701 fa
400 673 515 713 15*annis
533 672 619 702 facias
638 670 674 702 fic
686 675 798 714 exigere
809 675 921 704 condius
943 673 980 703 est
992 696 1001 708 ‚
1023 685 1054 704 ut
1067 685 1240 717 unaquaeque
1253 689 1334 708 revo-

102 711 178 743 lutio
199 712 231 744 fit
251 725 310 744 uno
334 718 446 746 minuto
470 714 593 746 secundo
613 714 692 746 horae
710 716 839 751 tardior,
862 716 950 758 qtthm
964 719 993 746 in
1018 717 1207 761 superioribus
1222 719 1334 752 tabulise

104 756 149 785 Ac
168 767 273 788 novam
297 757 413 789 subinde
438 758 583 802 Epocham
606 758 764 801 designavit
781 759 836 789 hoc
864 771 941 789 anno
969 763 1064 791 1680:
1096 761 1167 790 adeo
1192 772 1222 792 ut
1244 763 1335 795 calcu-

101 797 147 839 lus
171 799 186 829 ὲ
204 803 295 843 prima
317 799 499 832 immersione
520 800 624 832 visibili
646 800 843 845 21Juliihor.
862 814 884 833 1.
914 806 1028 844 54min
1048 803 1108 846 post
1130 803 1255 835 mediam
1280 818 1335 837 no-

99 842 178 873 &em
198 844 395 887 insequentem
418 846 531 875 initium
550 844 642 876 ducat.
669 847 712 876 Ac
736 844 771 875 de
792 844 959 876 satellitibus
982 847 1066 889 Jovis
1091 847 1237 879 haetenus.

137 887 177 917 X.
197 885 317 930 Insignis
341 887 390 917 illa
406 887 515 918 macula
539 899 573 918 ex
589 899 644 931 qua
662 889 746 931 jovis
767 888 909 919 revolutio
927 891 1002 921 circa
1030 890 1110 920 suum
1133 901 1212 921 axem
1229 894 1301 922 intra
1316 904 1333 929 9

101 927 188 960 horas
214 933 244 961 &
267 936 300 972 56
318 933 391 961 min.
417 933 602 966 innotuerat,
626 942 692 961 cum
706 932 745 961 sui
765 934 877 974 copiam
899 943 957 962 non
983 932 1088 963 fecisset
1104 945 1153 976 per
1172 945 1276 965 annum
1290 939 1335 965 in-

102 982 236 1014 tegrum,
258 975 303 1004 die
324 986 349 1012 8.
367 973 475 1016 Aprilis
497 973 612 1004 tandem
626 977 655 1004 in
671 972 857 1017 conspr-{tum
881 978 958 1006 venir
974 997 983 1010 ‚
1007 975 1077 1006 hora
1099 978 1214 1018 septima
1231 978 1246 1006 ὲ
1269 990 1332 1008 me-

104 1015 177 1046 ridie
208 1019 238 1046 &
264 1028 298 1047 eo
318 1019 377 1060 ipso
406 1020 434 1047 in
454 1015 519 1046 loco
541 1016 591 1047 ubi
609 1020 687 1057 juxta
702 1028 795 1048 motus
816 1017 856 1046 sui
871 1017 996 1048 tabulam
1009 1019 1097 1048 visarn
1117 1023 1249 1060 oportuit.
1267 1023 1332 1052 Un-

103 1057 219 1089 deillud
236 1059 327 1103 ipsum
339 1060 379 1091 est
391 1058 594 1090 confirmatum
606 1059 685 1102 quod
705 1071 780 1090 anno
792 1067 865 1099 1677
878 1061 1057 1092 corstituemt
1070 1063 1110 1092 D.
1122 1061 1233 1093 Cassini
1245 1089 1253 1099 ,
1272 1062 1332 1095 fore

101 1111 133 1132 ut
151 1101 210 1131 haec
236 1102 344 1134 macula
364 1114 397 1142 ²9
423 1102 547 1146 periodis
566 1102 703 1133 confectis
719 1103 754 1134 ad
776 1104 902 1134 medium
924 1105 1005 1147 Jouis
1028 1105 1125 1135 locum
1148 1105 1262 1136 rediret.

147 1147 175 1175 X
189 1147 211 1176 Ι.
241 1147 363 1176 Ineunte
386 1145 481 1176 mense
498 1147 609 1176 Martio
624 1149 669 1176 vir
691 1146 866 1189 pereruditus
885 1148 1038 1178 Avenione
1056 1147 1162 1191 scripsit
1179 1149 1332 1191 Epistolam

99 1186 137 1218 ad
158 1189 199 1219 D.
223 1187 331 1219 Caffini
346 1211 355 1223 ,
380 1191 408 1220 in
433 1200 487 1232 qua
509 1188 534 1219 se
550 1191 578 1219 in
595 1189 729 1233 peculiari
752 1191 889 1221 Tractatu
911 1189 1111 1222 demonstrasse
1132 1195 1170 1222 ait
1192 1203 1225 1222 ex
1248 1197 1332 1236 prin..

99 1232 183 1272 cipiis
202 1233 323 1275 Optices
347 1235 377 1263 &
401 1232 580 1274 Catoptrices
600 1231 737 1262 annulum
756 1234 888 1270 Saturni,
908 1233 992 1275 Jovis
1014 1232 1110 1265 fascias
1132 1237 1161 1265 ἃ
1182 1234 1330 1268 obscuram

101 1273 207 1306 Martis
234 1274 375 1306 maculam
399 1285 458 1304 non
479 1273 593 1305 aliunde
615 1275 702 1317 quim
722 1286 757 1306 ex
774 1276 902 1317 quodam
923 1277 1068 1308 radiorum
1092 1277 1224 1308 solatium
1247 1278 1330 1309 refle-

97 1319 185 1348 xione
201 1320 289 1352 oriri3
310 1318 381 1349 adeo
398 1328 428 1349 ut
444 1316 517 1348 nihil
535 1321 564 1348 in
579 1321 612 1349 iis
627 1322 667 1349 rei
688 1318 719 1349 fir
734 1344 743 1357 ,
754 1330 804 1350 nec
823 1322 978 1362 quicquam
990 1320 1113 1364 amplius
1128 1320 1215 1364 quiin]
1229 1324 1257 1352 in
1275 1323 1329 1352 Iri-

92 1356 145 1390 ‘dis
159 1359 312 1392 coloribus.

153 1404 231 1433 Huic
256 1403 400 1447 respondit
422 1403 466 1433 D.
485 1402 594 1434 Caffini
612 1402 701 1433 inulta
718 1403 827 1434 obstare
848 1408 1003 1446 quominus
1017 1410 1076 1448 ejus
1096 1406 1235 1437 senteutiae
1249 1418 1328 1438 acce-

101 1443 198 1481 deret,
219 1450 340 1478 omnino
358 1447 387 1477 id
410 1445 570 1489 persuasum
591 1445 693 1476 habere
713 1447 851 1478 annulum
875 1450 989 1478 Saturni
1009 1460 1113 1491 corpus
1129 1450 1182 1479 esse
1197 1461 1278 1479 tenue
1294 1454 1326 1481 ὃς

97 1491 162 1529 ejus
184 1501 255 1530 pene
276 1501 380 1520 narurae
400 1501 485 1530 quam
503 1490 544 1520 D.
565 1491 684 1532 Hugens
707 1491 835 1532 exposuit
849 1513 857 1526 ,
877 1491 955 1533 quod
982 1494 1009 1521 in
1035 1491 1137 1522 eodem
1156 1494 1265 1535 semper
1279 1505 1327 1534 pa-

101 1530 256 1562 rallelismo
277 1533 386 1575 perstet.
410 1535 488 1564 Nam
511 1537 570 1572 ejus
596 1531 648 1563 situ
671 1531 755 1564 semel
776 1534 1049 1569 constituto‚01nnis
1063 1538 1136 1564 circa
1157 1534 1232 1565 illius
1257 1537 1327 1578 pha-

100 1574 141 1604 ses
162 1578 276 1606 varietas
298 1587 330 1606 ex
351 1575 461 1606 diversa
480 1576 555 1606 Solis
579 1579 608 1606 δέ
634 1575 711 1606 oculi
734 1577 820 1607 nostri
843 1576 922 1620 super
942 1589 1000 1619 ειυς
1020 1577 1137 1620 plinurn
1162 1577 1327 1609 inclinatio-

100 1628 135 1647 nc
157 1617 352 1660 proficiscitur.
376 1620 442 1648 Nec
461 1616 530 1661 fingi
555 1619 642 1661 p0test
664 1617 819 1663 simplicior
844 1632 888 1650 cas
914 1620 1074 1663 explicandi
1088 1624 1158 1652 ratio
1173 1633 1258 1664 quam
1277 1634 1326 1664 per

101 1660 268 1702 hypotheses
282 1662 356 1692 Solis
380 1665 409 1692 δέ
428 1663 541 1692 Saturni
560 1661 656 1692 motus
670 1663 756 1704 vulgo
776 1674 907 1705 receptas,
921 1666 1001 1703 Quin
1021 1667 1104 1694 etiam
1120 1665 1249 1706 quaeclm
1266 1666 1325 1696 futu

101 1703 184 1739 hujus
206 1705 303 1736 annuli
326 1704 424 1748 phales
436 1702 497 1748 qux
519 1708 648 1748 corporis
663 1709 745 1748 opaci
759 1706 773 1735 ὲ
797 1707 864 1736 Sole
883 1706 1013 1738 illustrati
1036 1711 1157 1751 propriae
1177 1707 1256 1738 sunt:
1274 1720 1324 1739 cu-

100 1746 224 1786 jusmodi
244 1748 281 1778 est
300 1748 400 1778 umbta
427 1747 506 1789 globi
527 1750 638 1778 Saturni
661 1751 689 1778 in
714 1749 851 1780 annulum
876 1761 961 1791 quam
983 1751 1130 1780 manifest&
1159 1754 1299 1782 cctnimus
1314 1775 1323 1787 ,

99 1800 163 1819 cum
190 1790 322 1821 Saturnus
346 1790 431 1834 longe
459 1791 540 1830 distat
565 1790 598 1821 ab
625 1790 802 1834 oppositione
825 1804 889 1823 cum
917 1792 991 1824 Sole.
1015 1794 1094 1824 Tum
1121 1797 1197 1824 enim
1224 1794 1322 1824 oculu5

99 1842 207 1874 partem
230 1834 325 1864 annuli
344 1846 430 1877 quam
455 1835 505 1865 Sol
525 1846 582 1864 non
607 1834 772 1869 illuminat,
797 1835 921 1878 detegit,
939 1847 1058 1879 quaeque
1081 1837 1228 1868 obscurior
1243 1837 1323 1867 vidc-

101 1885 147 1904 tur
163 1900 169 1909 ‚
191 1876 245 1905 hoc
265 1877 324 1918 ipso
346 1879 382 1907 est
409 1881 436 1907 in
455 1877 519 1907 loco
538 1900 545 1911 ,
568 1877 615 1907 ubi
638 1881 715 1918 juxta
737 1879 908 1919 hypotheses
929 1880 1018 1911 videri
1037 1880 1119 1911 debet
1133 1904 1142 1916 ,
1170 1880 1259 1911 modi,
1287 1880 1323 1912 ad

100 1917 227 1947 dextram
243 1940 251 1952 ‚
273 1919 359 1949 modo
380 1920 413 1950 ad
433 1920 628 1955 finisttam,ut
653 1920 702 1950 Sol
729 1920 764 1952 ad
789 1924 941 1954 Orientem
968 1925 1006 1954 est
1032 1922 1118 1958 situs,
1139 1935 1183 1954 aut
1200 1922 1232 1952 ad
1258 1925 1322 1952 Oc-

99 1961 240 1991 cidentem
261 1961 385 2005 respctstu
407 1966 528 1994 Saturni.
553 1965 647 2002 Hujus
668 1975 784 2008 quoque
799 1966 836 1996 est
856 1966 962 1997 unibrae
978 1966 1056 1997 velut
1081 1966 1161 1996 filum
1175 1965 1320 2007 quoddam

99 2003 135 2033 ab
161 2004 266 2034 annulo
286 2008 313 2035 in
336 2005 455 2047 globum
479 2008 589 2037 Siturni
612 2009 770 2050 projcxstum
789 2031 797 2043 ‚
814 2010 883 2039 dum
910 2010 1009 2040 oculus
1028 2010 1118 2039 noster
1144 2009 1223 2050 supra
1244 2007 1320 2039 illius

99 2046 216 2089 planum
238 2047 322 2090 paulo
346 2048 408 2091 plus
430 2049 585 2079 autminus
605 2050 690 2093 quim
712 2049 761 2081 Sol
786 2051 843 2094 ipsc
863 2053 1025 2090 attollitur,
1049 2063 1131 2094 atque
1147 2053 1176 2082 in
1196 2064 1260 2089 eam
1274 2052 1318 2083 di-

100 2092 201 2132 rigitur
216 2101 328 2134 partcm
352 2102 437 2133 quam
457 2092 624 2135 hypotheles
648 2092 711 2136 ipsae
736 2093 892 2137 defignant.
1259 2096 1263 2099 ’
