1638 2345
298 81 616 114 'ACADEMIAE
661 81 955 115 HISTORIA.
989 84 1080 117 Ltn.
1107 87 1153 119 11.
1257 97 1304 127 191

64 123 150 157 dibit.
173 126 208 157 In
221 125 393 157 antecessum
404 138 499 158 tamen
513 137 614 169 praeter
624 138 656 156 ea
670 138 732 171 quae
751 126 895 162 diximus,
908 127 1047 159 nonnulla
1063 130 1118 160 hoc
1135 130 1201 161 loco
1214 131 1297 173 subji-
1319 123 1397 164 Hist-

67 179 129 200 cere
153 179 212 199 non
232 172 287 201 erit
306 168 442 201 alienum.
468 171 541 200 Haec
558 169 654 200 bellua
670 182 746 201 anno
765 174 836 203 16⁶8
853 170 869 201 ὲ
884 170 964 214 Rege
979 171 1127 204 Lusitania:
1139 174 1175 217 ad
1191 176 1303 218 Regem
1319 169 1415 200 Anims

65 211 339 244 Christianiffimum
361 214 440 244 missa
460 211 557 245 fuerat·
583 215 663 244 Tum
676 213 747 245 vero
768 214 917 257 quadrima
933 215 1045 247 tanturn
1069 228 1150 253 erat,
1178 218 1249 248 adeo
1273 229 1304 250 ut

65 265 142 285 anno
166 259 230 287 1681
249 259 308 298 jam
332 268 369 296 ¹7
390 268 480 287 annos
500 256 657 301 expleverit
677 271 684 289 z
711 260 784 289 intra
804 268 831 295 ¹3
855 269 997 290 annorum
1015 259 1133 303 spatium
1150 272 1209 291 uno
1225 261 1304 292 dun-

65 307 139 330 taxat
160 299 231 342 pede
255 311 427 331 excreverat.
463 302 536 332 Haec
551 312 570 339 7
594 299 678 343 pedes
697 312 763 332 cum
785 299 893 331 semiffe
916 301 971 332 alra
992 325 1002 338 ,
1028 307 1058 335 &
1079 303 1205 345 ejusdem
1233 316 1304 348 pene

64 352 123 373 etat
145 341 332 385 longitudinis
356 355 364 378 ·‚
387 355 468 375 crura
493 347 523 374 ὃ(
547 345 632 387 pedes
657 343 748 376 ferme
768 354 799 375 ut
812 347 842 375 in
860 345 978 376 homine
994 369 1002 381 ‚
1022 346 1067 376 seu
1084 359 1177 389 genua
1196 347 1304 390 spech-

64 395 164 416 rentur
180 410 189 421 ‚
211 386 258 416 seu
270 387 358 429 pedes
379 386 430 430 ipsi
445 409 454 423 ‚
478 390 528 429 qui
548 388 722 430 angustiores
737 398 815 418 erant
837 388 924 430 quam
943 392 972 418 in
992 390 1109 420 homine
1130 390 1225 422 habita
1239 403 1305 422 cor-

63 431 142 470 poris
162 431 271 460 ratione
294 443 301 460 :
325 433 354 460 in
375 434 500 473 quinque
516 430 622 473 digitos
652 430 729 462 intus
761 430 878 462 deducti
891 443 986 468 erant,
1009 432 1103 476 planta
1120 434 1199 476 pedis
1223 433 1305 467 firma

63 473 97 501 &
119 471 205 502 densa
225 471 356 504 solidiori
378 473 484 504 unoula
507 477 627 505 munita.
664 475 759 518 Caput
777 477 876 517 ingens
890 498 900 510 ‚
931 476 1008 506 oculi
1032 489 1084 519 pro
1104 476 1183 507 mole
1205 481 1305 521 capitis

63 515 237 557 angustiores
260 528 269 551 ς
296 527 374 547 aures
395 500 436 548 aff
458 529 512 549 tres
533 517 620 560 usque
642 517 726 560 pedes
752 519 891 561 porrectae
919 530 927 554 3
954 519 1099 562 proboscis
1121 523 1247 564 quinque
1273 525 1305 553 δε

63 558 186 601 amplius
206 559 326 602 pedibus
345 560 431 603 longa
445 583 454 596 ‚
474 572 561 603 quarn
584 561 620 592 ad
642 560 757 592 libitum
775 562 962 593 contrahebat
984 566 1013 594 δέ
1034 563 1221 607 producebat.
1245 565 1306 596 Ex-

61 610 188 633 tremum
209 602 286 634 illius
306 602 393 646 paulo
417 603 499 634 latius
520 604 605 635 instar
625 607 739 635 crateris
756 627 765 639 ,
786 609 866 645 cujus
886 617 936 635 ora
960 603 1031 636 foris
1049 606 1161 638 extabat
1176 630 1186 642 ‚
1211 611 1241 639 &
1270 619 1306 639 ex

61 655 95 674 ea
116 644 195 677 velut
217 646 341 689 digitum
370 645 533 690 proferebat
559 670 569 683 ‚
601 659 659 690 quo
691 647 811 690 quidem
835 649 952 691 perinde
978 660 1007 679 ur
1038 662 1125 680 manu
1148 653 1187 680 uti
1212 650 1304 682 solem

61 686 244 731 Elephantes.
269 691 375 720 Noster
393 693 470 721 enim
494 690 655 721 funiculum
675 691 755 722 nodo
776 691 938 722 adstridum
967 692 1061 734 digito
1082 692 1131 724 suo
1154 692 1305 729 solvebat,

62 733 95 761 &
114 735 270 764 minutiora
288 735 467 764 contre-stans
480 745 603 777 corpora
624 737 711 765 etiam
730 737 862 777 graviora
882 733 1031 778 frangebat
1053 750 1060 768 ι
1080 748 1115 768 ex
1127 734 1177 767 illa
1192 747 1303 780 appen-

59 774 125 806 dice
147 787 234 806 oneta
259 775 366 807 sursum
388 777 489 808 tollere
508 777 582 808 visus
599 778 647 809 est.

110 821 185 850 111.
224 821 258 851 In
279 823 339 850 imo
359 821 443 862 hujus
466 820 536 851 vasis
561 821 623 852 sunt
642 820 699 852 duo
720 818 861 852 foramina
886 820 990 864 quibus
1004 820 1112 853 ducunt
1134 825 1165 854 δε
1180 822 1303 855 reddunt

63 858 192 905 spiritum
207 885 218 898 ,
241 874 325 905 atque
353 864 436 906 hujus
458 865 634 895 attractionis
662 867 690 895 vi
713 876 795 907 potus
828 864 1006 908 proboscidis
1026 876 1094 896 cava
1115 865 1189 896 subit
1210 888 1219 901 ,
1245 866 1303 910 qui

61 904 183 936 subinde
202 905 307 937 inflexa
331 918 379 950 per
397 918 429 937 os
444 908 520 937 hunc
538 907 664 939 demittit
678 930 687 943 ‚
714 919 773 937 non
792 906 849 938 sine
869 908 984 952 strepitu
999 931 1008 944 ‚
1025 920 1059 939 ex
1080 908 1203 952 impulsu
1217 913 1302 945 aeris,

61 957 121 978 non
140 960 173 979 ex
197 949 324 981 (ustione
338 950 395 994 ipsa
415 950 556 993 profecto.
580 952 625 981 Sic
638 949 756 981 herbam
771 951 873 982 eodem
887 950 1065 995 proboscidis
1080 962 1208 982 extremo
1223 952 1302 984 avel-

59 989 95 1021 lit
110 1013 119 1026 ,
136 1004 256 1035 eamque
274 993 462 1035 glomeratam
481 997 510 1024 in
529 997 587 1025 oris
605 997 708 1024 intima
726 993 863 1037 propellit
881 1006 890 1029 3
913 994 1027 1024 nullum
1040 997 1117 1025 enim
1135 994 1232 1026 cibum
1251 1007 1302 1026 ore

59 1034 122 1076 ipso
141 1035 225 1067 sumit
248 1036 297 1067 niti
320 1048 370 1080 per
383 1036 606 1081 proboscidem:
624 1037 700 1067 unde
732 1041 762 1068 &
785 1048 864 1068 nares
886 1040 915 1068 in
934 1037 1104 1080 proboscide
1121 1037 1183 1068 sunt
1206 1037 1300 1069 collo.

59 1087 129 1109 catae
145 1101 154 1114 ,
170 1091 200 1110 ut
219 1080 351 1111 ciborum
374 1091 504 1111 naturam
524 1080 634 1111 olfactu
656 1080 716 1124 ipso
734 1079 887 1124 exploret,
913 1092 949 1111 ne
969 1080 1039 1123 quid
1058 1084 1178 1112 noxium
1193 1093 1240 1113 aut
1253 1086 1300 1112 in-

59 1130 172 1162 gratum
197 1125 272 1154 intus
299 1123 407 1154 subeat.-

111 1167 210 1209 Itaque
234 1167 298 1197 usus
322 1165 500 1210 proboscidis
523 1170 555 1198 &
578 1166 690 1197 fundkio
715 1167 754 1196 est
774 1165 926 1209 multiplex
948 1178 955 1195 :
978 1177 1045 1197 nam
1064 1166 1143 1197 ducit
1163 1170 1227 1197 ae'ra
1250 1180 1299 1210 per

61 1218 156 1250 aperta
180 1208 228 1239 illa
245 1209 305 1240 duo
325 1209 466 1240 foramina
486 1221 493 1244 ς
513 1222 563 1253 per
583 1209 682 1240 eadcrn
702 1220 802 1252 potum
825 1211 932 1239 in·oris
949 1213 1100 1240 cavitatem
1117 1210 1299 1248 transmittit5

61 1251 93 1280 in
110 1262 210 1282 omncs
232 1264 323 1296 partes
343 1253 367 1283 se
383 1252 506 1284 inflectit
520 1276 530 1288 ,
556 1255 640 1283 variis
655 1263 770 1295 quoque
789 1251 884 1283 modis
902 1251 928 1282 se
948 1252 974 1283 se
987 1253 1130 1283 contrahit
1147 1256 1177 1283 &
1193 1254 1300 1295 produ-

60 1295 98 1324 cit
112 1319 120 1329 ,
141 1295 227 1338 idque
247 1308 297 1339 per
321 1296 500 1327 membranas
524 1296 670 1327 tendineas
689 1299 719 1327 &
744 1295 888 1330 nervosas,
907 1308 956 1339 per
975 1307 1090 1328 carnem
1109 1296 1298 1328 musculosam

61 1336 149 1367 nullis
168 1338 275 1369 offibus
297 1338 449 1370 firmatam.

105 1382 169 1412 IV.
201 1384 235 1412 In
259 1382 354 1413 medio
377 1381 553 1425 proboscidis
582 1381 640 1412 duo
666 1381 728 1413 sunt
760 1382 821 1412 tubi
844 1381 1034 1413 membranosi
1064 1386 1094 1414 &
1120 1381 1204 1413 laeves
1223 1405 1232 1418 ,
1248 1395 1297 1425 per

60 1432 133 1463 quos
147 1427 195 1454 ae'r
208 1424 338 1468 spirando
349 1425 450 1456 duetus
461 1429 488 1456 δε
503 1437 573 1467 aqua
585 1436 668 1468 epota
680 1426 909 1456 transmittuntur
921 1448 929 1460 ,
944 1424 991 1455 ille
1010 1429 1038 1456 in
1055 1425 1232 1469 pulmoncm‚
1249 1427 1296 1459 hic

60 1467 88 1494 in
105 1466 293 1510 oesophagum
306 1472 337 1499 δε
350 1468 558 1500 ventriculum:
583 1468 685 1498 duetus
699 1468 740 1499 illi
760 1471 790 1498 in
807 1480 930 1499 exrrema
945 1471 984 1498 lui
1001 1480 1078 1511 parte
1094 1469 1156 1499 sunt
1168 1468 1293 1500 latiores.

61 1510 108 1538 Sic
127 1513 176 1540 ae'r
198 1515 374 1554 expiratione
389 1512 449 1555 'ipsa
467 1512 609 1554 liquorem
632 1516 740 1549 maiore
759 1515 787 1542 vi
809 1511 952 1555 protrudit
977 1515 1005 1542 in
1026 1515 1084 1543 oris
1106 1523 1195 1547 cava,
1214 1513 1294 1556 quod

61 1562 94 1582 ex
118 1553 253 1596 ampliori
276 1555 364 1598 spatio
383 1557 412 1585 in
432 1556 570 1598 angustius
594 1566 746 1586 commect.
766 1556 837 1586 Non
851 1558 925 1585 enim
942 1555 1142 1586 constrictione
1163 1554 1294 1585 succe-ssi-

60 1605 116 1631 va,
139 1607 170 1626 ut
185 1600 214 1627 in
236 1597 391 1641 oesophago
412 1602 441 1630 &
466 1601 493 1628 in
509 1597 572 1642 ipsis
595 1599 732 1629 intestinis
752 1600 798 1628 hic
818 1609 914 1630 motus
934 1597 1078 1642 perficitur
1101 1612 1107 1629 ;
1131 1610 1198 1629 cum
1212 1597 1293 1630 fibra:

59 1649 166 1670 carneae
189 1644 218 1671 Sc
235 1641 384 1672 circulares
400 1641 498 1672 desint.

103 1682 241 1714 Aetiones
261 1685 368 1728 quippe
388 1696 487 1716 omnes
511 1684 686 1727 proboscidis
710 1685 908 1715 contractione
934 1686 963 1714 &
989 1682 1179 1725 productione
1198 1690 1294 1717 conti-

61 1735 186 1761 nentur,
207 1727 252 1757 sed
274 1739 392 1769 utraque
410 1726 527 1759 diversis
547 1728 630 1773 plane
654 1727 685 1758 fit
701 1727 795 1758 modis
820 1740 826 1758 ;
851 1725 929 1757 fibrae
953 1730 1030 1757 enim
1045 1727 1188 1769 utriusque
1200 1731 1290 1760 aetio—

61 1770 104 1797 nis
121 1769 275 1802 effectrices
298 1773 386 1802 nacta?
401 1770 464 1802 sunt
484 1775 639 1803 contrarios
653 1770 726 1802 situs.
760 1773 801 1801 Ex
822 1773 854 1801 iis
873 1769 933 1801 alix
947 1769 1088 1802 musculos
1101 1782 1292 1815 componunt,

61 1813 110 1851 qni
133 1811 189 1841 uni
213 1812 251 1844 sui
274 1825 349 1856 parte
370 1814 495 1845 extrema
516 1826 582 1845 cum
607 1817 749 1847 interioris
762 1814 867 1844 ductus
892 1812 1084 1850 membrana,
1107 1828 1185 1858 parte
1205 1815 1291 1846 alteri

60 1863 126 1884 cuin
147 1859 278 1887 exteriori
303 1857 476 1900 proboscidis
504 1858 654 1889 involucro
672 1860 794 1888 connexi
818 1856 1063 1901 perpendiculares
1083 1858 1139 1889 dici
1167 1858 1295 1901 poliunt,

60 1897 140 1936 quod
173 1899 208 1929 ad
238 1899 357 1942 angulos
383 1903 475 1931 rectos
508 1901 571 1932 isim
594 1903 722 1933 interiori
746 1926 756 1940 ‚
782 1900 846 1931 tum
877 1903 1010 1932 exteriori
1044 1901 1216 1932 membrana:
1244 1905 1292 1931 in-

61 1938 161 1972 fist-int.

105 1983 163 2015 Alii
185 1985 254 2014 vcro
275 1985 394 2017 musculi
415 1987 477 2018 sunt
498 1987 717 2030 quodammodo
737 1990 849 2030 utrique
864 1987 1036 2019 membrana:
1049 1986 1196 2030 paralleli,
1213 1989 1290 2029 iique

60 2024 94 2056 ab
111 2038 167 2057 nno
185 2040 312 2059 extremo
335 2029 510 2071 proboscidis
530 2031 623 2062 versus
640 2030 759 2062 alterum
777 2032 924 2062 incedunt.

104 2074 140 2103 V.
181 2071 462 2116 Perpendicularium
482 2086 615 2106 numerus
638 2075 675 2105 est
701 2086 790 2118 prope
813 2073 946 2106 infinitus
962 2096 970 2108 ,
996 2084 1078 2114 atque
1102 2074 1205 2104 horum
1227 2084 1289 2116 pars
