1638 2345
358 168 410 197 ἰη’
655 163 841 198 REGIAE
884 161 1266 197 SCIENTiARUM

253 209 341 241 Arm.
361 209 498 250 illustrare
516 210 610 239 conati
636 208 753 240 flietinr.
786 207 842 237 Sed
863 218 958 237 tamen
983 207 1054 238 illud
1079 219 1194 250 quoque
1221 205 1369 239 fatendum
1390 207 1428 238 cst
1449 207 1590 252 permulta

251 256 332 289 1672.
362 254 392 282 in
411 263 442 283 ea
461 263 545 295 quam
566 251 742 282 tradiderunt
758 251 886 292 stirpium
901 250 1015 281 historia
1033 249 1182 281 desiderari
1202 263 1210 286 ·‚
1232 250 1380 292 complura
1400 250 1436 281 ab
1459 254 1494 282 iis
1515 249 1591 281 defi-

252 297 282 325 &
305 307 350 336 73.
367 298 423 326 nita
443 306 476 325 cx
499 297 613 325 incertis
636 296 807 334 conjessturis
829 315 838 328 ‚
866 293 921 324 alia
944 295 973 322 in
992 292 1127 336 ambiguo
1150 292 1247 324 relicta
1261 315 1270 328 ,
1293 304 1351 324 non
1372 296 1492 336 propriis
1508 315 1517 328 ,
1543 293 1590 324 sed

367 349 466 368 corum
487 341 535 379 qui
557 334 751 379 praeccll‘nunt
771 335 1016 366 observationibus
1039 335 1151 366 subnixi
1173 339 1324 367 exteriores
1345 347 1455 367 tantum
1481 335 1593 378 planta-

367 392 432 411 rum
448 403 455 414 ‚
472 391 539 422 quis
565 381 629 409 huic
645 379 766 409 historia·
785 378 973 413 addiderunt,
997 376 1099 419 figuras
1115 389 1268 421 utcumque
1283 377 1424 409 delineare
1442 381 1592 414 contenti5

367 422 498 465 quitidie
520 433 607 452 novas
621 423 726 464 ‹itte-gi,
738 432 820 462 atque
833 432 929 451 earum
946 432 1014 462 quas
1026 421 1163 452 habemus
1176 422 1332 465 perschlas
1343 423 1502 464 cognitioni
1517 420 1594 451 rnul-

364 477 394 496 ta
409 465 474 497 addi
500 465 587 508 posse.
610 465 675 495 Nec
689 475 782 494 tamen
803 463 833 494 id
849 466 920 494 vitio
932 463 1058 494 dandum
1076 463 1257 508 scriptoribus
1271 487 1279 499 ‚
1300 463 1379 506 quod
1393 475 1451 494 rem
1466 475 1524 494 tam
1539 463 1594 494 lari:

365 508 457 539 fiisam
483 510 594 550 penitus
609 518 668 536 non
686 504 865 537 exhauserim
881 519 888 536 ε
911 516 1012 548 magna
1033 509 1065 537 iis
1083 518 1181 537 contra
1201 506 1330 538 habenda
1342 507 1380 537 cst
1393 509 1479 549 gratia
1492 528 1500 541 ‚
1516 505 1596 548 quod

363 550 508 581 effecerint
528 561 558 580 ut
577 553 746 592 quingentas
766 560 812 579 aut
837 547 979 579 sexcentas
1000 549 1108 592 plantas
1128 549 1143 578 ὲ
1171 549 1312 580 veteribus
1333 548 1485 592 descriptas
1501 548 1596 591 aliqua

363 605 398 623 ex
417 604 495 636 parre
514 596 641 635 cognitas
665 592 831 623 haberemus
855 613 864 627 ‚
891 591 935 621 his
955 594 1107 633 quinquies
1133 590 1214 622 mille
1236 596 1266 622 ἃ
1291 591 1411 634 amplius
1429 591 1594 632 adjecerint.

364 635 456 679 Qod
476 635 550 666 deest
570 636 636 666 huic
655 636 837 677 cognitioni,
862 636 952 676 majus
969 634 1107 676 quiddam
1120 635 1159 665 est
1181 634 1267 677 quirin
1287 646 1318 665 ut
1338 636 1443 678 privati
1464 634 1596 664 homines

364 678 438 709 illud
455 677 567 720 explere
586 676 691 721 possint
715 690 722 708 ε
749 675 796 707 scd
809 679 920 707 intento
936 679 1034 707 &acri
1053 676 1144 708 studio
1158 680 1187 707 in
1207 677 1237 708 id
1257 677 1446 713 enitendum,
1466 687 1599 720 utquanq

365 732 427 753 tum
446 719 506 751 fieri
529 721 617 762 potest
633 743 643 756 ,
665 719 796 763 praeclara
818 719 877 749 haec
898 718 1011 749 scientia
1030 731 1240 762 promoveatur.

410 768 448 796 V.
481 765 560 794 Tum
580 763 728 806 quousque
748 773 791 793 res
809 763 943 804 proveeta
960 761 1067 798 fuerit,
1087 762 1193 805 quidve
1211 766 1241 794 in
1270 774 1301 793 ea
1324 761 1495 805 perficienda
1523 768 1598 793 con-²

367 806 419 838 silii
443 807 571 838 hibuerit
591 805 745 837 Academia
763 828 772 840 ‚
797 805 929 836 distinere
950 804 1147 848 prosequitur,
1171 817 1203 837 ac
1223 804 1341 836 subinde
1360 816 1423 847 quae
1437 804 1473 835 ad
1485 804 1599 848 planta—

367 862 431 881 rum
447 848 651 892 descriptiones
667 870 676 885 ,
703 847 805 891 figuras
819 870 829 883 ,
851 847 961 878 cultum
984 851 1014 878 &
1030 850 1103 878 vires
1123 847 1248 892 spectant
1261 870 1271 884 ,
1291 847 1435 891 sigillatim
1457 847 1598 890 explicat,

366 903 431 936 qua:
451 895 481 923 in
501 892 615 923 laudato
633 891 791 935 prodromo
812 889 868 931 legi
890 889 1026 934 possunt:
1045 893 1074 921 in
1093 901 1153 933 quo
1167 890 1370 934 descriptiones
1393 894 1424 922 Ε(
1447 889 1545 933 figurae
1557 903 1599 930 40

367 934 531 978 plantarum
552 934 613 965 sunt
633 934 771 978 cxprcsl'ae.
796 933 853 964 Sed
869 944 940 976 opus
958 931 1028 963 illud
1053 937 1082 964 in
1103 944 1238 976 magnum
1259 933 1353 977 postea
1375 937 1501 965 excrevit
1516 934 1601 965 volu-

368 989 434 1009 men
449 1000 458 1013 ,
471 977 550 1021 quod
566 977 666 1013 brevi,
687 988 716 1008 ut
733 977 874 1019 speramus
889 998 898 1011 ,
915 975 1024 1018 publici
1044 978 1113 1016 juris
1132 975 1190 1009 fiet.

417 1024 443 1051 V
458 1022 481 1052 1,
518 1018 596 1050 Illud
615 1019 775 1062 optandum
791 1022 829 1049 ait
844 1029 875 1049 ut
896 1029 1069 1061 unaquaeque
1082 1018 1176 1062 planta
1200 1018 1235 1050 fic
1249 1018 1451 1051 describeretur
1464 1042 1474 1056 ,
1491 1030 1522 1050 ut
1535 1031 1599 1052 cum

367 1061 431 1094 aliis
450 1067 506 1105 jam
525 1065 649 1104 cognitis
661 1060 801 1092 confundi
814 1072 873 1091 non
894 1058 984 1104 posset
1007 1074 1014 1091 ι
1036 1061 1113 1103 quod
1134 1062 1250 1105 quidem
1271 1060 1392 1093 efficitur
1407 1085 1416 1098 ‚
1435 1062 1485 1093 ubi
1505 1062 1599 1105 plures

369 1109 430 1147 ejus
445 1106 659 1137 circumstantiae
675 1115 819 1136 notantur.
849 1107 909 1135 Vix
923 1105 1001 1134 enim
1022 1107 1165 1146 contingit
1179 1116 1209 1136 ut
1231 1116 1273 1136 tot
1296 1105 1447 1148 peculiares
1468 1116 1544 1136 notae
1568 1109 1599 1136 in

369 1149 431 1179 aliis
451 1148 551 1179 itidem
566 1158 714 1178 occurrant
737 1161 743 1178 :
765 1158 850 1189 atque
875 1157 906 1176 ea
923 1149 1030 1177 ratione
1053 1157 1095 1177 tot
1109 1147 1196 1179 dubia
1215 1159 1278 1192 quzc
1294 1150 1382 1179 nimia
1402 1148 1511 1180 inducit
1532 1148 1599 1179 bre·

369 1194 443 1223 vitas
457 1213 466 1226 ,
479 1193 560 1222 vitari
580 1188 703 1233 poffunt.

413 1237 439 1263 V
454 1236 465 1263 1
480 1236 504 1264 1.
540 1233 616 1264 Cum
636 1233 762 1276 stirpium
776 1242 867 1276 partes
880 1254 890 1267 ,
912 1236 1081 1276 propagines
1095 1256 1104 1268 ,
1117 1233 1185 1265 {litus
1200 1257 1209 1270 ‚
1230 1233 1337 1265 radices
1355 1233 1406 1264 suis
1422 1232 1501 1264 fibris
1515 1236 1598 1275 nixae,

370 1279 545 1307 incrementa
560 1279 713 1307 accuratius
734 1277 921 1318 indagzintur,
943 1286 975 1305 cx
993 1276 1041 1306 illa
1063 1288 1193 1308 anatome
1222 1289 1283 1319 quae
1305 1277 1339 1308 ad
1362 1288 1458 1307 earum
1482 1288 1599 1320 vegeta-

371 1324 479 1350 tionem
502 1323 532 1350 &
553 1321 739 1349 nutritionem
762 1321 904 1361 pertinent
916 1340 924 1353 ‚
939 1317 1021 1349 simul
1035 1323 1223 1362 inquiruntur.
1252 1321 1327 1350 Cum
1342 1332 1384 1350 cx.
1398 1331 1440 1362 gr.
1462 1318 1599 1351 fibrarum

371 1373 536 1393 contextum
559 1364 590 1392 in
613 1360 752 1403 plerisque
775 1361 852 1391 foliis
872 1360 1081 1404 conspicimus,
1103 1374 1163 1393 tum
1189 1362 1235 1393 illa
1256 1363 1327 1393 subit
1347 1366 1474 1393 animum
1490 1365 1599 1405 cogita-

373 1407 414 1435 tio
431 1417 467 1435 an
490 1404 569 1435 fibra:
591 1403 647 1435 illa:
672 1403 724 1435 fint
748 1415 822 1434 cavat
837 1426 846 1439 ,
871 1414 952 1445 atque
971 1416 1002 1435 ex
1023 1407 1057 1435 iis
1082 1404 1143 1436 aliae
1162 1409 1324 1436 arteriarum
1345 1431 1353 1444 ,
1376 1417 1512 1436 venarum
1539 1405 1599 1436 aliae

374 1451 448 1478 vices
474 1448 578 1478 obeant
603 1458 665 1483 5an
687 1446 740 1478 sint
759 1446 958 1477 tantummodo
981 1447 1058 1478 velut
1080 1447 1189 1478 nervuli
1211 1470 1220 1483 ,
1255 1447 1357 1490 quibus
1381 1446 1444 1478 folii
1467 1448 1601 1490 cujusque

374 1491 567 1533 paterichyma
587 1513 596 1525 ,
624 1501 671 1520 aut
697 1501 762 1520 caro
783 1489 938 1524 interfusa,
963 1490 1094 1529 colligata
1117 1494 1142 1521 ἃ·
1164 1490 1296 1521 conclusa
1320 1502 1446 1522 teneatur
1473 1505 1481 1526 ·‚
1505 1503 1599 1523 utrum

374 1534 470 1564 succus
492 1532 539 1564 ille
555 1533 699 1563 coloratus
721 1535 769 1574 qui
787 1532 802 1561 ὲ
818 1531 911 1562 Ιεᾶσίε
924 1523 1091 1575 quibusdam
1111 1533 1213 1576 plantis
1235 1533 1326 1565 effluit
1341 1557 1350 1569 ,
1377 1534 1392 1564 ὲ
1417 1533 1494 1564 fibris
1517 1534 1598 1577 ipsis,

373 1587 407 1607 an
431 1580 524 1619 potius
545 1587 577 1606 ex
601 1573 734 1607 fibrarum
755 1574 913 1606 intervallis
934 1585 1030 1609 exeat3
1047 1587 1141 1606 utrum
1162 1576 1211 1620 pili
1234 1580 1282 1619 qui
1301 1576 1378 1608 foliis
1392 1576 1530 1613 infistunt‚
1546 1576 1599 1608 sint

374 1623 435 1648 cavi
464 1622 493 1649 ἅτ
517 1621 666 1649 nutritioni
687 1618 807 1648 serviant
827 1628 857 1647 ut
877 1614 967 1648 visum
987 1619 1024 1649 cst
1048 1620 1088 1649 D.
1108 1621 1254 1652 Marione.

415 1663 532 1691 V111.
571 1662 635 1691 Nec
652 1672 746 1691 tamen
768 1659 874 1690 neccsse
895 1663 946 1691 crit
968 1671 1030 1702 qus
1049 1660 1235 1693 observantur
1266 1664 1363 1692 omnia
1393 1662 1527 1694 mandare
1551 1662 1598 1693 lit·

376 1708 441 1734 teris
460 1726 469 1739 ,
506 1703 534 1734 icl
556 1707 632 1734 enim
651 1703 770 1746 longum
791 1703 856 1746 ess'et
882 1706 912 1733 ὅ(
937 1702 1095 1735 molestum.
1132 1706 1204 1736 Satis
1224 1705 1252 1735 id
1274 1705 1358 1735 fucrit
1380 1705 1513 1747 quasdam
1542 1709 1599 1736 cir-

376 1746 706 1786 cumstantiassubjicere
719 1768 728 1781 ,
748 1758 808 1789 quae
826 1744 965 1776 sensibiles
992 1747 1166 1778 differentias
1185 1747 1352 1791 suppleant,
1373 1746 1391 1777 si
1412 1747 1485 1778 forte
1501 1747 1599 1779 defue-

376 1793 433 1820 rint
458 1801 466 1824 ·‚
487 1800 569 1831 atquc
590 1789 638 1820 ubi
673 1789 800 1820 cculiaris
817 1799 931 1832 apparet
957 1799 1061 1821 naruiae
1082 1790 1236 1825 industria,
1263 1791 1334 1820 lianc
1359 1801 1455 1821 notare
1471 1802 1479 1825 ·,
1497 1802 1528 1821 ac
1547 1791 1598 1821 de-

376 1844 455 1863 mum
470 1832 608 1874 quidquid
625 1802 795 1876 adppartiurn
807 1832 871 1862 usus
885 1833 1098 1871 cognoscendos
1115 1834 1245 1864 conferre
1264 1834 1352 1876 potest
1363 1856 1371 1868 ‚
1390 1845 1447 1878 quo
1462 1833 1525 1864 usus
1539 1837 1599 1876 jam

376 1879 480 1915 recepti
499 1886 543 1905 aut
555 1874 778 1913 confirmentur,
796 1886 841 1905 aut
862 1874 1043 1911 refellantur,
1060 1875 1189 1908 inserere.

419 1918 506 1949 Niliil
524 1929 637 1960 quoque
655 1929 725 1960 opus
743 1919 781 1948 est
798 1917 832 1947 dc
848 1917 943 1960 figuris
966 1918 1125 1959 plantatum
1151 1931 1204 1951 :erc
1222 1920 1313 1951 incisis
1329 1941 1337 1955 ‚
1363 1930 1408 1950 :tut
1429 1919 1464 1951 de
1484 1922 1516 1951 iis
1535 1931 1601 1963 qut

378 1963 451 1993 circa
468 1972 563 1993 carum
579 1961 688 1992 cultum
709 1961 771 1993 sunt
791 1960 938 1993 observata
955 1960 1095 1993 differere-

1424 2181 1530 2212 CAP.
1557 2183 1596 2213 11.
