<?xml version="1.0" encoding="UTF-8"?>
<!DOCTYPE html PUBLIC "-//W3C//DTD XHTML 1.0 Transitional//EN"
    "http://www.w3.org/TR/xhtml1/DTD/xhtml1-transitional.dtd">
<html xmlns="http://www.w3.org/1999/xhtml" xml:lang="en" lang="en">
 <head>
  <title>
</title>
<meta http-equiv="Content-Type" content="text/html;charset=utf-8" />
  <meta name='ocr-system' content='tesseract 3.04.00' />
  <meta name='ocr-capabilities' content='ocr_page ocr_carea ocr_par ocr_line ocrx_word'/>
</head>
<body>
  <div class='ocr_page' id='page_1' title='image "./regiscientiaru98duha_0397.png"; bbox 0 0 1638 2345; ppageno 0'>
   <div class='ocr_carea' id='block_1_1' title="bbox 0 1699 24 2345">
    <p class='ocr_par' dir='ltr' id='par_1_1' title="bbox 0 1699 24 2345">
     <span class='ocr_line' id='line_1_1' title="bbox 0 1699 24 2345; baseline 0 0"><span class='ocrx_word' id='word_1_1' title='bbox 0 1699 24 2345; x_wconf 95' lang='lat' dir='ltr'> </span> 
     </span>
    </p>
   </div>
   <div class='ocr_carea' id='block_1_2' title="bbox 75 128 1310 312">
    <p class='ocr_par' dir='ltr' id='par_1_2' title="bbox 75 128 1310 312">
     <span class='ocr_line' id='line_1_2' title="bbox 280 128 1306 182; baseline 0.009 -23"><span class='ocrx_word' id='word_1_2' title='bbox 280 128 586 160; x_wconf 79' lang='lat' dir='ltr'>ACADEMIAE</span> <span class='ocrx_word' id='word_1_3' title='bbox 633 129 922 163; x_wconf 85' lang='lat' dir='ltr'><strong>HISTORIA.</strong></span> <span class='ocrx_word' id='word_1_4' title='bbox 956 132 1135 166; x_wconf 76' lang='lat' dir='ltr'>Ltn.IV.</span> <span class='ocrx_word' id='word_1_5' title='bbox 1249 151 1306 182; x_wconf 73' lang='lat'>375</span> 
     </span>
     <span class='ocr_line' id='line_1_3' title="bbox 75 171 1310 219; baseline 0.007 -15"><span class='ocrx_word' id='word_1_6' title='bbox 75 171 199 206; x_wconf 76' lang='lat' dir='ltr'>altitudo</span> <span class='ocrx_word' id='word_1_7' title='bbox 217 174 326 215; x_wconf 80' lang='lat' dir='ltr'>integra</span> <span class='ocrx_word' id='word_1_8' title='bbox 359 184 433 211; x_wconf 79' lang='lat'><em>2043</em></span> <span class='ocrx_word' id='word_1_9' title='bbox 451 174 624 215; x_wconf 63' lang='lat' dir='ltr'>punctorum</span> <span class='ocrx_word' id='word_1_10' title='bbox 647 172 792 205; x_wconf 84' lang='lat' dir='ltr'>dividatur</span> <span class='ocrx_word' id='word_1_11' title='bbox 814 185 864 217; x_wconf 92' lang='lat' dir='ltr'>per</span> <span class='ocrx_word' id='word_1_12' title='bbox 882 185 917 211; x_wconf 80' lang='lat'>19</span> <span class='ocrx_word' id='word_1_13' title='bbox 938 177 1041 218; x_wconf 62' lang='lat' dir='ltr'>punita</span> <span class='ocrx_word' id='word_1_14' title='bbox 1055 200 1064 213; x_wconf 95' lang='lat'>,</span> <span class='ocrx_word' id='word_1_15' title='bbox 1091 189 1153 219; x_wconf 79' lang='lat' dir='ltr'>quae</span> <span class='ocrx_word' id='word_1_16' title='bbox 1168 180 1205 210; x_wconf 86' lang='lat' dir='ltr'>est</span> <span class='ocrx_word' id='word_1_17' title='bbox 1223 181 1310 213; x_wconf 79' lang='lat' dir='ltr'>diffe-</span> 
     </span>
     <span class='ocr_line' id='line_1_4' title="bbox 75 216 1309 262; baseline 0.006 -15"><span class='ocrx_word' id='word_1_18' title='bbox 75 220 166 248; x_wconf 82' lang='lat' dir='ltr'>rentia</span> <span class='ocrx_word' id='word_1_19' title='bbox 185 216 279 247; x_wconf 82' lang='lat' dir='ltr'>utrius</span> <span class='ocrx_word' id='word_1_20' title='bbox 297 227 330 246; x_wconf 91' lang='lat' dir='ltr'>ue</span> <span class='ocrx_word' id='word_1_21' title='bbox 354 216 513 248; x_wconf 78' lang='lat' dir='ltr'>altitudinis</span> <span class='ocrx_word' id='word_1_22' title='bbox 533 219 667 247; x_wconf 87' lang='lat' dir='ltr'>mercurii</span> <span class='ocrx_word' id='word_1_23' title='bbox 681 218 805 248; x_wconf 83' lang='lat' dir='ltr'>inventae</span> <span class='ocrx_word' id='word_1_24' title='bbox 821 221 849 248; x_wconf 90' lang='lat' dir='ltr'>in</span> <span class='ocrx_word' id='word_1_25' title='bbox 871 219 928 249; x_wconf 85' lang='lat' dir='ltr'>ima</span> <span class='ocrx_word' id='word_1_26' title='bbox 947 218 1050 262; x_wconf 84' lang='lat' dir='ltr'>specu,</span> <span class='ocrx_word' id='word_1_27' title='bbox 1074 224 1104 252; x_wconf 72' lang='grc' dir='ltr'>δε</span> <span class='ocrx_word' id='word_1_28' title='bbox 1121 223 1151 252; x_wconf 83' lang='grc' dir='ltr'>ἱη</span> <span class='ocrx_word' id='word_1_29' title='bbox 1175 228 1257 255; x_wconf 84' lang='lat' dir='ltr'>turris</span> <span class='ocrx_word' id='word_1_30' title='bbox 1268 226 1309 256; x_wconf 78' lang='lat' dir='ltr'>fa-</span> 
     </span>
     <span class='ocr_line' id='line_1_5' title="bbox 75 259 1309 312; baseline 0.006 -22"><span class='ocrx_word' id='word_1_31' title='bbox 75 260 177 303; x_wconf 84' lang='lat' dir='ltr'>stigio,</span> <span class='ocrx_word' id='word_1_32' title='bbox 199 259 280 303; x_wconf 83' lang='lat' dir='ltr'>prodi</span> <span class='ocrx_word' id='word_1_33' title='bbox 306 263 326 290; x_wconf 83' lang='lat' dir='ltr'>it</span> <span class='ocrx_word' id='word_1_34' title='bbox 345 270 479 291; x_wconf 83' lang='lat' dir='ltr'>numerus</span> <span class='ocrx_word' id='word_1_35' title='bbox 498 263 575 304; x_wconf 56' lang='lat'>¹07}</span> <span class='ocrx_word' id='word_1_36' title='bbox 596 282 605 295; x_wconf 91' lang='lat'><em>,</em></span> <span class='ocrx_word' id='word_1_37' title='bbox 624 263 674 302; x_wconf 89' lang='lat' dir='ltr'>qui</span> <span class='ocrx_word' id='word_1_38' title='bbox 703 271 837 292; x_wconf 84' lang='lat' dir='ltr'>numerus</span> <span class='ocrx_word' id='word_1_39' title='bbox 859 260 985 304; x_wconf 75' lang='lat' dir='ltr'>designat</span> <span class='ocrx_word' id='word_1_40' title='bbox 1009 267 1122 306; x_wconf 86' lang='lat' dir='ltr'>quoties</span> <span class='ocrx_word' id='word_1_41' title='bbox 1150 277 1184 306; x_wconf 83' lang='lat'>37</span> <span class='ocrx_word' id='word_1_42' title='bbox 1211 267 1309 312; x_wconf 77' lang='lat' dir='ltr'>hexap.</span> 
     </span>
    </p>
   </div>
   <div class='ocr_carea' id='block_1_3' title="bbox 74 307 1310 451">
    <p class='ocr_par' dir='ltr' id='par_1_3' title="bbox 74 307 1310 451">
     <span class='ocr_line' id='line_1_6' title="bbox 78 307 1310 352; baseline 0.004 -14"><span class='ocrx_word' id='word_1_43' title='bbox 78 328 117 352; x_wconf 55' lang='grc' dir='ltr'>ζ,</span> <span class='ocrx_word' id='word_1_44' title='bbox 142 319 237 350; x_wconf 79' lang='lat' dir='ltr'>eaeque</span> <span class='ocrx_word' id='word_1_45' title='bbox 262 307 369 340; x_wconf 80' lang='lat' dir='ltr'>infimae</span> <span class='ocrx_word' id='word_1_46' title='bbox 394 311 422 339; x_wconf 89' lang='lat' dir='ltr'>in</span> <span class='ocrx_word' id='word_1_47' title='bbox 447 310 533 339; x_wconf 81' lang='lat' dir='ltr'>totius</span> <span class='ocrx_word' id='word_1_48' title='bbox 558 307 752 351; x_wconf 78' lang='lat' dir='ltr'>atmosphaerae</span> <span class='ocrx_word' id='word_1_49' title='bbox 765 307 902 340; x_wconf 86' lang='lat' dir='ltr'>columna</span> <span class='ocrx_word' id='word_1_50' title='bbox 921 311 1157 350; x_wconf 79' lang='lat' dir='ltr'>continerentur,</span> <span class='ocrx_word' id='word_1_51' title='bbox 1179 314 1246 345; x_wconf 77' lang='lat' dir='ltr'>cum</span> <span class='ocrx_word' id='word_1_52' title='bbox 1265 318 1310 346; x_wconf 77' lang='lat' dir='ltr'>ia-</span> 
     </span>
     <span class='ocr_line' id='line_1_7' title="bbox 76 355 1310 407; baseline 0.004 -20"><span class='ocrx_word' id='word_1_53' title='bbox 76 359 122 388; x_wconf 64' lang='lat' dir='ltr'>&amp;a</span> <span class='ocrx_word' id='word_1_54' title='bbox 148 357 186 387; x_wconf 89' lang='lat' dir='ltr'>est</span> <span class='ocrx_word' id='word_1_55' title='bbox 207 356 368 387; x_wconf 87' lang='lat' dir='ltr'>observatio</span> <span class='ocrx_word' id='word_1_56' title='bbox 381 359 410 386; x_wconf 90' lang='lat' dir='ltr'>in</span> <span class='ocrx_word' id='word_1_57' title='bbox 427 367 486 387; x_wconf 75' lang='lat' dir='ltr'>tota</span> <span class='ocrx_word' id='word_1_58' title='bbox 501 355 653 388; x_wconf 73' lang='lat' dir='ltr'>altitudine</span> <span class='ocrx_word' id='word_1_59' title='bbox 669 356 875 400; x_wconf 81' lang='lat' dir='ltr'>atmosphaerae.</span> <span class='ocrx_word' id='word_1_60' title='bbox 892 359 991 398; x_wconf 82' lang='lat' dir='ltr'>Itaque</span> <span class='ocrx_word' id='word_1_61' title='bbox 1011 368 1058 398; x_wconf 85' lang='lat' dir='ltr'>per</span> <span class='ocrx_word' id='word_1_62' title='bbox 1074 359 1212 401; x_wconf 85' lang='lat' dir='ltr'>regulam,</span> <span class='ocrx_word' id='word_1_63' title='bbox 1223 375 1310 407; x_wconf 70' lang='lat' dir='ltr'>quam</span> 
     </span>
     <span class='ocr_line' id='line_1_8' title="bbox 74 399 1310 451; baseline 0.004 -20"><span class='ocrx_word' id='word_1_64' title='bbox 74 412 140 432; x_wconf 89' lang='lat' dir='ltr'>ante</span> <span class='ocrx_word' id='word_1_65' title='bbox 160 401 308 443; x_wconf 83' lang='lat' dir='ltr'>proposuit</span> <span class='ocrx_word' id='word_1_66' title='bbox 328 399 543 442; x_wconf 76' lang='lat' dir='ltr'>multiplicandi</span> <span class='ocrx_word' id='word_1_67' title='bbox 561 400 623 431; x_wconf 88' lang='lat' dir='ltr'>sunt</span> <span class='ocrx_word' id='word_1_68' title='bbox 640 412 692 442; x_wconf 82' lang='lat'>225</span> <span class='ocrx_word' id='word_1_69' title='bbox 710 411 761 442; x_wconf 90' lang='lat' dir='ltr'>per</span> <span class='ocrx_word' id='word_1_70' title='bbox 788 404 874 444; x_wconf 64' lang='lat' dir='ltr'>107¹T</span> <span class='ocrx_word' id='word_1_71' title='bbox 897 404 926 431; x_wconf 73' lang='grc' dir='ltr'>δε</span> <span class='ocrx_word' id='word_1_72' title='bbox 951 400 1111 442; x_wconf 84' lang='lat' dir='ltr'>prodibunt</span> <span class='ocrx_word' id='word_1_73' title='bbox 1137 409 1233 446; x_wconf 78' lang='lat'>24187</span> <span class='ocrx_word' id='word_1_74' title='bbox 1260 421 1310 451; x_wconf 81' lang='lat' dir='ltr'>pe.</span> 
     </span>
    </p>
   </div>
   <div class='ocr_carea' id='block_1_4' title="bbox 74 444 1310 545">
    <p class='ocr_par' dir='ltr' id='par_1_4' title="bbox 74 444 1310 545">
     <span class='ocr_line' id='line_1_9' title="bbox 74 444 1310 500; baseline 0.001 -21"><span class='ocrx_word' id='word_1_75' title='bbox 74 447 125 479; x_wconf 85' lang='lat' dir='ltr'>des</span> <span class='ocrx_word' id='word_1_76' title='bbox 142 462 149 480; x_wconf 89' lang='lat'>:</span> <span class='ocrx_word' id='word_1_77' title='bbox 173 451 249 485; x_wconf 76' lang='lat' dir='ltr'>cujus</span> <span class='ocrx_word' id='word_1_78' title='bbox 273 444 388 478; x_wconf 80' lang='lat' dir='ltr'>summae</span> <span class='ocrx_word' id='word_1_79' title='bbox 408 459 498 490; x_wconf 84' lang='lat' dir='ltr'>partes</span> <span class='ocrx_word' id='word_1_80' title='bbox 520 459 620 478; x_wconf 82' lang='lat' dir='ltr'>omnes</span> <span class='ocrx_word' id='word_1_81' title='bbox 633 459 667 478; x_wconf 82' lang='lat' dir='ltr'>ex</span> <span class='ocrx_word' id='word_1_82' title='bbox 682 447 785 480; x_wconf 81' lang='lat' dir='ltr'>ordine</span> <span class='ocrx_word' id='word_1_83' title='bbox 805 447 949 481; x_wconf 77' lang='lat' dir='ltr'>sumendae</span> <span class='ocrx_word' id='word_1_84' title='bbox 979 444 1042 479; x_wconf 90' lang='lat' dir='ltr'>sunt</span> <span class='ocrx_word' id='word_1_85' title='bbox 1065 452 1128 496; x_wconf 57' lang='lat' dir='ltr'>-J-{—}</span> <span class='ocrx_word' id='word_1_86' title='bbox 1143 456 1150 467; x_wconf 86' lang='lat'><em>¹</em></span> <span class='ocrx_word' id='word_1_87' title='bbox 1166 457 1201 500; x_wconf 55' lang='grc' dir='ltr'>’ὲ</span> <span class='ocrx_word' id='word_1_88' title='bbox 1223 455 1310 497; x_wconf 70' lang='lat' dir='ltr'>usque</span> 
     </span>
     <span class='ocr_line' id='line_1_10' title="bbox 75 482 1310 545; baseline 0.002 -17"><span class='ocrx_word' id='word_1_89' title='bbox 75 497 112 528; x_wconf 80' lang='lat' dir='ltr'>ad</span> <span class='ocrx_word' id='word_1_90' title='bbox 138 501 216 542; x_wconf 74' lang='lat'>¹07{</span> <span class='ocrx_word' id='word_1_91' title='bbox 234 520 244 533; x_wconf 94' lang='lat'>‚</span> <span class='ocrx_word' id='word_1_92' title='bbox 270 501 300 528; x_wconf 67' lang='grc' dir='ltr'>ὅ(</span> <span class='ocrx_word' id='word_1_93' title='bbox 327 494 375 526; x_wconf 67' lang='lat' dir='ltr'>fiet</span> <span class='ocrx_word' id='word_1_94' title='bbox 393 495 501 526; x_wconf 83' lang='lat' dir='ltr'>summa</span> <span class='ocrx_word' id='word_1_95' title='bbox 529 506 644 535; x_wconf 78' lang='lat'>127221</span> <span class='ocrx_word' id='word_1_96' title='bbox 668 495 793 539; x_wconf 83' lang='lat' dir='ltr'>pedum,</span> <span class='ocrx_word' id='word_1_97' title='bbox 817 510 862 531; x_wconf 84' lang='lat' dir='ltr'>aut</span> <span class='ocrx_word' id='word_1_98' title='bbox 887 497 1000 539; x_wconf 69' lang='lat'><em>²¹²033¹.</em></span> <span class='ocrx_word' id='word_1_99' title='bbox 1026 482 1310 545; x_wconf 56' lang='lat' dir='ltr'>hexap‚2{lc1rcites</span> 
     </span>
    </p>
   </div>
   <div class='ocr_carea' id='block_1_5' title="bbox 74 542 1311 2154">
    <p class='ocr_par' dir='ltr' id='par_1_5' title="bbox 76 542 637 590">
     <span class='ocr_line' id='line_1_11' title="bbox 76 542 637 590; baseline -0.004 -14"><span class='ocrx_word' id='word_1_100' title='bbox 76 557 129 590; x_wconf 84' lang='lat' dir='ltr'>pro</span> <span class='ocrx_word' id='word_1_101' title='bbox 152 550 237 578; x_wconf 81' lang='lat' dir='ltr'>totius</span> <span class='ocrx_word' id='word_1_102' title='bbox 260 544 455 587; x_wconf 79' lang='lat' dir='ltr'>atmosphaerae</span> <span class='ocrx_word' id='word_1_103' title='bbox 475 542 637 574; x_wconf 84' lang='lat' dir='ltr'>altitudine.</span> 
     </span>
    </p>

    <p class='ocr_par' dir='ltr' id='par_1_6' title="bbox 74 585 1310 768">
     <span class='ocr_line' id='line_1_12' title="bbox 118 585 1310 632; baseline 0.003 -11"><span class='ocrx_word' id='word_1_104' title='bbox 118 591 208 621; x_wconf 77' lang='lat' dir='ltr'>sicin</span> <span class='ocrx_word' id='word_1_105' title='bbox 230 588 427 620; x_wconf 80' lang='lat' dir='ltr'>observatione</span> <span class='ocrx_word' id='word_1_106' title='bbox 450 585 522 617; x_wconf 68' lang='lat' dir='ltr'>fasta</span> <span class='ocrx_word' id='word_1_107' title='bbox 545 586 686 622; x_wconf 85' lang='lat' dir='ltr'>Tulonii,</span> <span class='ocrx_word' id='word_1_108' title='bbox 715 586 734 618; x_wconf 88' lang='lat' dir='ltr'>fi</span> <span class='ocrx_word' id='word_1_109' title='bbox 757 587 791 619; x_wconf 88' lang='lat' dir='ltr'>ad</span> <span class='ocrx_word' id='word_1_110' title='bbox 810 600 847 629; x_wconf 89' lang='lat'>27</span> <span class='ocrx_word' id='word_1_111' title='bbox 867 589 965 630; x_wconf 76' lang='lat' dir='ltr'>hexap.</span> <span class='ocrx_word' id='word_1_112' title='bbox 987 587 1221 632; x_wconf 54' lang='lat' dir='ltr'>{altitudineim</span> <span class='ocrx_word' id='word_1_113' title='bbox 1236 605 1310 625; x_wconf 81' lang='lat' dir='ltr'>mer-</span> 
     </span>
     <span class='ocr_line' id='line_1_13' title="bbox 74 634 1310 683; baseline 0.002 -15"><span class='ocrx_word' id='word_1_114' title='bbox 74 641 147 668; x_wconf 74' lang='lat' dir='ltr'>curii</span> <span class='ocrx_word' id='word_1_115' title='bbox 172 635 380 681; x_wconf 74' lang='lat' dir='ltr'>suspensionem</span> <span class='ocrx_word' id='word_1_116' title='bbox 397 635 462 665; x_wconf 88' lang='lat' dir='ltr'>huic</span> <span class='ocrx_word' id='word_1_117' title='bbox 475 637 697 665; x_wconf 79' lang='lat' dir='ltr'>convenientem</span> <span class='ocrx_word' id='word_1_118' title='bbox 720 634 863 667; x_wconf 76' lang='lat' dir='ltr'>sumamus</span> <span class='ocrx_word' id='word_1_119' title='bbox 880 658 889 671; x_wconf 89' lang='lat'><em>‚</em></span> <span class='ocrx_word' id='word_1_120' title='bbox 907 640 935 667; x_wconf 70' lang='lat' dir='ltr'>c&amp;</span> <span class='ocrx_word' id='word_1_121' title='bbox 956 639 1055 669; x_wconf 78' lang='lat' dir='ltr'>eadm</span> <span class='ocrx_word' id='word_1_122' title='bbox 1071 639 1211 670; x_wconf 83' lang='lat' dir='ltr'>methodo</span> <span class='ocrx_word' id='word_1_123' title='bbox 1230 652 1310 683; x_wconf 76' lang='lat' dir='ltr'>quae-</span> 
     </span>
     <span class='ocr_line' id='line_1_14' title="bbox 74 676 1308 725; baseline 0.004 -15"><span class='ocrx_word' id='word_1_124' title='bbox 74 692 152 711; x_wconf 76' lang='lat' dir='ltr'>ratur</span> <span class='ocrx_word' id='word_1_125' title='bbox 164 681 360 724; x_wconf 70' lang='lat' dir='ltr'>atmosphccrct</span> <span class='ocrx_word' id='word_1_126' title='bbox 375 676 498 710; x_wconf 81' lang='lat' dir='ltr'>altitudo</span> <span class='ocrx_word' id='word_1_127' title='bbox 522 700 532 713; x_wconf 89' lang='lat'><em>‚</em></span> <span class='ocrx_word' id='word_1_128' title='bbox 552 678 610 708; x_wconf 78' lang='lat' dir='ltr'>haec</span> <span class='ocrx_word' id='word_1_129' title='bbox 624 676 681 708; x_wconf 80' lang='lat' dir='ltr'>fere</span> <span class='ocrx_word' id='word_1_130' title='bbox 701 678 859 711; x_wconf 82' lang='lat' dir='ltr'>consimilis</span> <span class='ocrx_word' id='word_1_131' title='bbox 879 683 1042 713; x_wconf 80' lang='lat' dir='ltr'>invenietur</span> <span class='ocrx_word' id='word_1_132' title='bbox 1057 702 1066 716; x_wconf 85' lang='lat'>,</span> <span class='ocrx_word' id='word_1_133' title='bbox 1084 693 1188 725; x_wconf 80' lang='lat' dir='ltr'>nempe</span> <span class='ocrx_word' id='word_1_134' title='bbox 1204 696 1308 725; x_wconf 77' lang='lat'>20319</span> 
     </span>
     <span class='ocr_line' id='line_1_15' title="bbox 76 724 178 768; baseline 0.029 -15"><span class='ocrx_word' id='word_1_135' title='bbox 76 724 178 768; x_wconf 76' lang='lat' dir='ltr'>hexap-</span> 
     </span>
    </p>

    <p class='ocr_par' dir='ltr' id='par_1_7' title="bbox 75 764 1311 1156">
     <span class='ocr_line' id='line_1_16' title="bbox 114 764 1310 808; baseline 0.004 -11"><span class='ocrx_word' id='word_1_136' title='bbox 114 770 179 800; x_wconf 90' lang='lat' dir='ltr'>IV.</span> <span class='ocrx_word' id='word_1_137' title='bbox 206 771 239 798; x_wconf 90' lang='lat' dir='ltr'>In</span> <span class='ocrx_word' id='word_1_138' title='bbox 259 766 361 798; x_wconf 76' lang='lat' dir='ltr'>eodem</span> <span class='ocrx_word' id='word_1_139' title='bbox 383 775 553 808; x_wconf 78' lang='lat' dir='ltr'>argumento</span> <span class='ocrx_word' id='word_1_140' title='bbox 580 764 702 795; x_wconf 78' lang='lat' dir='ltr'>versatus</span> <span class='ocrx_word' id='word_1_141' title='bbox 727 765 768 797; x_wconf 88' lang='lat' dir='ltr'>D.</span> <span class='ocrx_word' id='word_1_142' title='bbox 795 767 945 807; x_wconf 75' lang='lat' dir='ltr'>Varignon</span> <span class='ocrx_word' id='word_1_143' title='bbox 967 768 1107 799; x_wconf 78' lang='lat' dir='ltr'>methodo</span> <span class='ocrx_word' id='word_1_144' title='bbox 1129 770 1310 802; x_wconf 77' lang='lat' dir='ltr'>Geomettica</span> 
     </span>
     <span class='ocr_line' id='line_1_17' title="bbox 75 808 1310 854; baseline -0.001 -14"><span class='ocrx_word' id='word_1_145' title='bbox 75 810 235 854; x_wconf 77' lang='lat' dir='ltr'>progteffus</span> <span class='ocrx_word' id='word_1_146' title='bbox 254 811 313 841; x_wconf 77' lang='lat' dir='ltr'>haec</span> <span class='ocrx_word' id='word_1_147' title='bbox 332 810 425 841; x_wconf 81' lang='lat' dir='ltr'>statuit</span> <span class='ocrx_word' id='word_1_148' title='bbox 443 808 518 839; x_wconf 82' lang='lat' dir='ltr'>velut</span> <span class='ocrx_word' id='word_1_149' title='bbox 534 811 680 850; x_wconf 82' lang='lat' dir='ltr'>principia.</span> <span class='ocrx_word' id='word_1_150' title='bbox 709 820 730 838; x_wconf 83' lang='lat'>1.</span> <span class='ocrx_word' id='word_1_151' title='bbox 756 810 868 838; x_wconf 86' lang='lat' dir='ltr'>Totum</span> <span class='ocrx_word' id='word_1_152' title='bbox 892 812 956 839; x_wconf 74' lang='lat' dir='ltr'>ae&#39;ra</span> <span class='ocrx_word' id='word_1_153' title='bbox 980 821 1083 842; x_wconf 80' lang='lat' dir='ltr'>terram</span> <span class='ocrx_word' id='word_1_154' title='bbox 1109 815 1184 844; x_wconf 85' lang='lat' dir='ltr'>inter</span> <span class='ocrx_word' id='word_1_155' title='bbox 1203 817 1233 844; x_wconf 88' lang='lat'>&amp;</span> <span class='ocrx_word' id='word_1_156' title='bbox 1260 826 1310 846; x_wconf 77' lang='lat' dir='ltr'>ex-</span> 
     </span>
     <span class='ocr_line' id='line_1_18' title="bbox 76 849 1307 898; baseline 0.003 -14"><span class='ocrx_word' id='word_1_157' title='bbox 76 865 196 886; x_wconf 79' lang='lat' dir='ltr'>tremam</span> <span class='ocrx_word' id='word_1_158' title='bbox 220 853 436 898; x_wconf 78' lang='lat' dir='ltr'>atmosphaeram</span> <span class='ocrx_word' id='word_1_159' title='bbox 464 853 646 893; x_wconf 54' lang='lat' dir='ltr'>interjectum</span> <span class='ocrx_word' id='word_1_160' title='bbox 669 849 825 881; x_wconf 74' lang='lat' dir='ltr'>consimilis</span> <span class='ocrx_word' id='word_1_161' title='bbox 850 849 926 888; x_wconf 84' lang='lat' dir='ltr'>effe,</span> <span class='ocrx_word' id='word_1_162' title='bbox 950 856 977 883; x_wconf 71' lang='grc' dir='ltr'>δε</span> <span class='ocrx_word' id='word_1_163' title='bbox 1003 854 1129 894; x_wconf 83' lang='lat' dir='ltr'>ejusdcm</span> <span class='ocrx_word' id='word_1_164' title='bbox 1150 867 1256 888; x_wconf 74' lang='lat' dir='ltr'>naturae</span> <span class='ocrx_word' id='word_1_165' title='bbox 1279 870 1307 889; x_wconf 85' lang='lat'>2.</span> 
     </span>
     <span class='ocr_line' id='line_1_19' title="bbox 77 894 1311 942; baseline -0.002 -15"><span class='ocrx_word' id='word_1_166' title='bbox 77 899 207 930; x_wconf 80' lang='lat' dir='ltr'>Eandem</span> <span class='ocrx_word' id='word_1_167' title='bbox 228 901 302 929; x_wconf 70' lang='lat' dir='ltr'>aeris</span> <span class='ocrx_word' id='word_1_168' title='bbox 327 896 435 928; x_wconf 83' lang='lat' dir='ltr'>moltm</span> <span class='ocrx_word' id='word_1_169' title='bbox 457 895 493 926; x_wconf 76' lang='lat' dir='ltr'>eo</span> <span class='ocrx_word' id='word_1_170' title='bbox 517 898 659 926; x_wconf 80' lang='lat' dir='ltr'>minorem</span> <span class='ocrx_word' id='word_1_171' title='bbox 685 894 761 930; x_wconf 78' lang='lat' dir='ltr'>effe,</span> <span class='ocrx_word' id='word_1_172' title='bbox 780 894 840 936; x_wconf 74' lang='lat' dir='ltr'>quo</span> <span class='ocrx_word' id='word_1_173' title='bbox 864 899 955 938; x_wconf 78' lang='lat' dir='ltr'>magis</span> <span class='ocrx_word' id='word_1_174' title='bbox 977 901 1133 938; x_wconf 80' lang='lat' dir='ltr'>premitur,</span> <span class='ocrx_word' id='word_1_175' title='bbox 1160 899 1244 942; x_wconf 73' lang='lat' dir='ltr'>idque</span> <span class='ocrx_word' id='word_1_176' title='bbox 1258 901 1311 932; x_wconf 56' lang='lat' dir='ltr'>ses-</span> 
     </span>
     <span class='ocr_line' id='line_1_20' title="bbox 76 937 1309 986; baseline 0.002 -15"><span class='ocrx_word' id='word_1_177' title='bbox 76 952 140 972; x_wconf 80' lang='lat' dir='ltr'>vata</span> <span class='ocrx_word' id='word_1_178' title='bbox 158 942 291 986; x_wconf 83' lang='lat' dir='ltr'>ponderis</span> <span class='ocrx_word' id='word_1_179' title='bbox 312 939 506 971; x_wconf 88' lang='lat' dir='ltr'>incumbentis</span> <span class='ocrx_word' id='word_1_180' title='bbox 520 940 724 982; x_wconf 83' lang='lat' dir='ltr'>proportione,</span> <span class='ocrx_word' id='word_1_181' title='bbox 750 937 821 968; x_wconf 84' lang='lat' dir='ltr'>adeo</span> <span class='ocrx_word' id='word_1_182' title='bbox 837 948 867 968; x_wconf 82' lang='lat' dir='ltr'>nt</span> <span class='ocrx_word' id='word_1_183' title='bbox 882 939 1031 970; x_wconf 85' lang='lat' dir='ltr'>volumina</span> <span class='ocrx_word' id='word_1_184' title='bbox 1049 945 1122 972; x_wconf 70' lang='lat' dir='ltr'>aeris</span> <span class='ocrx_word' id='word_1_185' title='bbox 1141 941 1193 973; x_wconf 79' lang='lat' dir='ltr'>lint</span> <span class='ocrx_word' id='word_1_186' title='bbox 1219 947 1247 974; x_wconf 90' lang='lat' dir='ltr'>in</span> <span class='ocrx_word' id='word_1_187' title='bbox 1264 956 1309 974; x_wconf 84' lang='lat' dir='ltr'>ra-</span> 
     </span>
     <span class='ocr_line' id='line_1_21' title="bbox 77 980 1309 1030; baseline 0.002 -15"><span class='ocrx_word' id='word_1_188' title='bbox 77 987 157 1016; x_wconf 83' lang='lat' dir='ltr'>tione</span> <span class='ocrx_word' id='word_1_189' title='bbox 178 995 322 1026; x_wconf 76' lang='lat' dir='ltr'>reciproca</span> <span class='ocrx_word' id='word_1_190' title='bbox 347 983 506 1027; x_wconf 83' lang='lat' dir='ltr'>ponderum</span> <span class='ocrx_word' id='word_1_191' title='bbox 528 1004 538 1017; x_wconf 94' lang='lat'>,</span> <span class='ocrx_word' id='word_1_192' title='bbox 559 981 637 1023; x_wconf 88' lang='lat' dir='ltr'>quod</span> <span class='ocrx_word' id='word_1_193' title='bbox 657 980 736 1024; x_wconf 64' lang='lat' dir='ltr'>ipsa,</span> <span class='ocrx_word' id='word_1_194' title='bbox 754 992 785 1012; x_wconf 87' lang='lat' dir='ltr'>ut</span> <span class='ocrx_word' id='word_1_195' title='bbox 810 981 921 1012; x_wconf 60' lang='lat' dir='ltr'>dictum</span> <span class='ocrx_word' id='word_1_196' title='bbox 943 993 1006 1013; x_wconf 81' lang='lat' dir='ltr'>ante</span> <span class='ocrx_word' id='word_1_197' title='bbox 1033 983 1107 1020; x_wconf 83' lang='lat' dir='ltr'>fuit,</span> <span class='ocrx_word' id='word_1_198' title='bbox 1137 986 1309 1030; x_wconf 66' lang='lat' dir='ltr'>comprobat</span> 
     </span>
     <span class='ocr_line' id='line_1_22' title="bbox 77 1023 1310 1072; baseline 0 -15"><span class='ocrx_word' id='word_1_199' title='bbox 77 1032 260 1072; x_wconf 72' lang='lat' dir='ltr'>experientia.</span> <span class='ocrx_word' id='word_1_200' title='bbox 286 1042 308 1068; x_wconf 81' lang='lat'>3.</span> <span class='ocrx_word' id='word_1_201' title='bbox 331 1025 514 1060; x_wconf 76' lang='lat' dir='ltr'>Differentiae</span> <span class='ocrx_word' id='word_1_202' title='bbox 539 1028 612 1056; x_wconf 90' lang='lat' dir='ltr'>inter</span> <span class='ocrx_word' id='word_1_203' title='bbox 641 1024 709 1054; x_wconf 80' lang='lat' dir='ltr'>duas</span> <span class='ocrx_word' id='word_1_204' title='bbox 732 1023 897 1055; x_wconf 78' lang='lat' dir='ltr'>altitudines</span> <span class='ocrx_word' id='word_1_205' title='bbox 922 1025 1047 1067; x_wconf 80' lang='lat' dir='ltr'>ejusdem</span> <span class='ocrx_word' id='word_1_206' title='bbox 1073 1027 1216 1061; x_wconf 74' lang='lat' dir='ltr'>columnae</span> <span class='ocrx_word' id='word_1_207' title='bbox 1236 1034 1310 1062; x_wconf 62' lang='lat' dir='ltr'>a&#39;c‘tis</span> 
     </span>
     <span class='ocr_line' id='line_1_23' title="bbox 77 1066 1311 1117; baseline 0.001 -14"><span class='ocrx_word' id='word_1_208' title='bbox 77 1073 190 1114; x_wconf 84' lang='lat' dir='ltr'>pondus</span> <span class='ocrx_word' id='word_1_209' title='bbox 209 1072 316 1115; x_wconf 81' lang='lat' dir='ltr'>aequale</span> <span class='ocrx_word' id='word_1_210' title='bbox 334 1071 387 1102; x_wconf 77' lang='lat' dir='ltr'>effe</span> <span class='ocrx_word' id='word_1_211' title='bbox 409 1068 528 1113; x_wconf 86' lang='lat' dir='ltr'>ponderi</span> <span class='ocrx_word' id='word_1_212' title='bbox 548 1066 718 1100; x_wconf 82' lang='lat' dir='ltr'>differentiae</span> <span class='ocrx_word' id='word_1_213' title='bbox 739 1079 801 1110; x_wconf 76' lang='lat' dir='ltr'>qux</span> <span class='ocrx_word' id='word_1_214' title='bbox 821 1068 859 1098; x_wconf 78' lang='lat' dir='ltr'>est</span> <span class='ocrx_word' id='word_1_215' title='bbox 880 1071 910 1099; x_wconf 90' lang='lat' dir='ltr'>in</span> <span class='ocrx_word' id='word_1_216' title='bbox 924 1069 1075 1101; x_wconf 79' lang='lat' dir='ltr'>altitudine</span> <span class='ocrx_word' id='word_1_217' title='bbox 1095 1071 1311 1117; x_wconf 81' lang='lat' dir='ltr'>hydrargyriin</span> 
     </span>
     <span class='ocr_line' id='line_1_24' title="bbox 77 1111 1087 1156; baseline 0.001 -13"><span class='ocrx_word' id='word_1_218' title='bbox 77 1115 247 1148; x_wconf 66' lang='lat' dir='ltr'>baromeuis</span> <span class='ocrx_word' id='word_1_219' title='bbox 261 1139 269 1152; x_wconf 79' lang='lat'>‚</span> <span class='ocrx_word' id='word_1_220' title='bbox 290 1118 329 1146; x_wconf 85' lang='lat' dir='ltr'>uti</span> <span class='ocrx_word' id='word_1_221' title='bbox 358 1114 436 1156; x_wconf 82' lang='lat' dir='ltr'>supra</span> <span class='ocrx_word' id='word_1_222' title='bbox 457 1111 608 1155; x_wconf 78' lang='lat' dir='ltr'>probatum</span> <span class='ocrx_word' id='word_1_223' title='bbox 632 1111 686 1141; x_wconf 82' lang='lat' dir='ltr'>fuit</span> <span class='ocrx_word' id='word_1_224' title='bbox 712 1122 747 1141; x_wconf 85' lang='lat' dir='ltr'>ex</span> <span class='ocrx_word' id='word_1_225' title='bbox 772 1114 857 1141; x_wconf 82' lang='lat' dir='ltr'>variis</span> <span class='ocrx_word' id='word_1_226' title='bbox 875 1114 1087 1156; x_wconf 78' lang='lat' dir='ltr'>experimentis.</span> 
     </span>
    </p>

    <p class='ocr_par' dir='ltr' id='par_1_8' title="bbox 75 1154 1311 1499">
     <span class='ocr_line' id='line_1_25' title="bbox 116 1154 1310 1202; baseline -0.002 -13"><span class='ocrx_word' id='word_1_227' title='bbox 116 1162 196 1191; x_wconf 77' lang='lat' dir='ltr'>Hinc</span> <span class='ocrx_word' id='word_1_228' title='bbox 225 1157 433 1202; x_wconf 56' lang='lat' dir='ltr'>propositiones</span> <span class='ocrx_word' id='word_1_229' title='bbox 452 1154 586 1199; x_wconf 83' lang='lat' dir='ltr'>quasdam</span> <span class='ocrx_word' id='word_1_230' title='bbox 613 1154 728 1185; x_wconf 87' lang='lat' dir='ltr'>deducit</span> <span class='ocrx_word' id='word_1_231' title='bbox 754 1165 834 1184; x_wconf 88' lang='lat' dir='ltr'>more</span> <span class='ocrx_word' id='word_1_232' title='bbox 863 1157 1067 1193; x_wconf 77' lang='lat' dir='ltr'>Geomcttico,</span> <span class='ocrx_word' id='word_1_233' title='bbox 1095 1161 1124 1189; x_wconf 62' lang='grc' dir='ltr'>ὰ</span> <span class='ocrx_word' id='word_1_234' title='bbox 1145 1164 1221 1192; x_wconf 71' lang='lat' dir='ltr'>varia</span> <span class='ocrx_word' id='word_1_235' title='bbox 1242 1162 1310 1193; x_wconf 66' lang='lat' dir='ltr'>hinc</span> 
     </span>
     <span class='ocr_line' id='line_1_26' title="bbox 75 1196 1311 1248; baseline -0.001 -15"><span class='ocrx_word' id='word_1_236' title='bbox 75 1207 148 1234; x_wconf 86' lang='lat' dir='ltr'>eruit</span> <span class='ocrx_word' id='word_1_237' title='bbox 164 1203 315 1234; x_wconf 81' lang='lat' dir='ltr'>corollaria</span> <span class='ocrx_word' id='word_1_238' title='bbox 331 1223 339 1236; x_wconf 85' lang='lat'>‚</span> <span class='ocrx_word' id='word_1_239' title='bbox 360 1211 482 1243; x_wconf 87' lang='lat' dir='ltr'>quorum</span> <span class='ocrx_word' id='word_1_240' title='bbox 506 1197 578 1228; x_wconf 91' lang='lat' dir='ltr'>illud</span> <span class='ocrx_word' id='word_1_241' title='bbox 604 1201 728 1241; x_wconf 88' lang='lat' dir='ltr'>primum</span> <span class='ocrx_word' id='word_1_242' title='bbox 748 1198 803 1236; x_wconf 66' lang='lat' dir='ltr'>est,</span> <span class='ocrx_word' id='word_1_243' title='bbox 817 1196 976 1230; x_wconf 75' lang='lat' dir='ltr'>absolutam</span> <span class='ocrx_word' id='word_1_244' title='bbox 997 1202 1192 1243; x_wconf 67' lang='lat' dir='ltr'>atmosphaerae</span> <span class='ocrx_word' id='word_1_245' title='bbox 1213 1209 1311 1248; x_wconf 69' lang='lat' dir='ltr'>gravi-</span> 
     </span>
     <span class='ocr_line' id='line_1_27' title="bbox 76 1240 1310 1287; baseline 0.002 -11"><span class='ocrx_word' id='word_1_246' title='bbox 76 1257 163 1278; x_wconf 76' lang='lat' dir='ltr'>tatem</span> <span class='ocrx_word' id='word_1_247' title='bbox 181 1250 305 1277; x_wconf 80' lang='lat' dir='ltr'>inveniri</span> <span class='ocrx_word' id='word_1_248' title='bbox 320 1256 377 1274; x_wconf 87' lang='lat' dir='ltr'>non</span> <span class='ocrx_word' id='word_1_249' title='bbox 396 1242 472 1287; x_wconf 72' lang='lat' dir='ltr'>polle</span> <span class='ocrx_word' id='word_1_250' title='bbox 485 1265 494 1277; x_wconf 89' lang='lat'>‚</span> <span class='ocrx_word' id='word_1_251' title='bbox 515 1253 581 1272; x_wconf 88' lang='lat' dir='ltr'>curn</span> <span class='ocrx_word' id='word_1_252' title='bbox 593 1253 653 1284; x_wconf 79' lang='lat' dir='ltr'>pars</span> <span class='ocrx_word' id='word_1_253' title='bbox 668 1240 766 1271; x_wconf 81' lang='lat' dir='ltr'>ultima</span> <span class='ocrx_word' id='word_1_254' title='bbox 779 1263 788 1276; x_wconf 91' lang='lat'><em>‚</em></span> <span class='ocrx_word' id='word_1_255' title='bbox 813 1251 874 1282; x_wconf 77' lang='lat' dir='ltr'>qua:</span> <span class='ocrx_word' id='word_1_256' title='bbox 895 1242 953 1271; x_wconf 76' lang='lat' dir='ltr'>sola</span> <span class='ocrx_word' id='word_1_257' title='bbox 971 1243 1008 1272; x_wconf 88' lang='lat' dir='ltr'>est</span> <span class='ocrx_word' id='word_1_258' title='bbox 1021 1243 1171 1277; x_wconf 85' lang='lat' dir='ltr'>indefinita</span> <span class='ocrx_word' id='word_1_259' title='bbox 1184 1269 1194 1282; x_wconf 87' lang='lat'><em>,</em></span> <span class='ocrx_word' id='word_1_260' title='bbox 1211 1248 1310 1279; x_wconf 85' lang='lat' dir='ltr'>nullo-</span> 
     </span>
     <span class='ocr_line' id='line_1_28' title="bbox 75 1284 1310 1334; baseline 0.002 -15"><span class='ocrx_word' id='word_1_261' title='bbox 75 1289 167 1321; x_wconf 85' lang='lat' dir='ltr'>modo</span> <span class='ocrx_word' id='word_1_262' title='bbox 187 1290 332 1333; x_wconf 80' lang='lat' dir='ltr'>explorata</span> <span class='ocrx_word' id='word_1_263' title='bbox 347 1287 445 1317; x_wconf 78' lang='lat' dir='ltr'>haberi</span> <span class='ocrx_word' id='word_1_264' title='bbox 467 1296 573 1326; x_wconf 80' lang='lat' dir='ltr'>queat,</span> <span class='ocrx_word' id='word_1_265' title='bbox 597 1286 728 1325; x_wconf 80' lang='lat' dir='ltr'>quamvis</span> <span class='ocrx_word' id='word_1_266' title='bbox 748 1284 860 1326; x_wconf 81' lang='lat' dir='ltr'>pondus</span> <span class='ocrx_word' id='word_1_267' title='bbox 885 1288 944 1324; x_wconf 83' lang='lat' dir='ltr'>ejus</span> <span class='ocrx_word' id='word_1_268' title='bbox 970 1285 1002 1315; x_wconf 86' lang='lat' dir='ltr'>fit</span> <span class='ocrx_word' id='word_1_269' title='bbox 1024 1287 1069 1317; x_wconf 85' lang='lat' dir='ltr'>vel</span> <span class='ocrx_word' id='word_1_270' title='bbox 1085 1289 1237 1321; x_wconf 71' lang='lat' dir='ltr'>millesima</span> <span class='ocrx_word' id='word_1_271' title='bbox 1247 1303 1310 1334; x_wconf 82' lang='lat' dir='ltr'>pars</span> 
     </span>
     <span class='ocr_line' id='line_1_29' title="bbox 76 1326 1310 1372; baseline -0.002 -11"><span class='ocrx_word' id='word_1_272' title='bbox 76 1336 164 1364; x_wconf 84' lang='lat' dir='ltr'>totius</span> <span class='ocrx_word' id='word_1_273' title='bbox 186 1336 327 1364; x_wconf 76' lang='lat' dir='ltr'>columna:</span> <span class='ocrx_word' id='word_1_274' title='bbox 352 1341 376 1361; x_wconf 87' lang='lat'>2.</span> <span class='ocrx_word' id='word_1_275' title='bbox 393 1328 622 1370; x_wconf 76' lang='lat' dir='ltr'>Atmosphaeram</span> <span class='ocrx_word' id='word_1_276' title='bbox 639 1337 696 1356; x_wconf 91' lang='lat' dir='ltr'>non</span> <span class='ocrx_word' id='word_1_277' title='bbox 717 1329 863 1356; x_wconf 83' lang='lat' dir='ltr'>terminari</span> <span class='ocrx_word' id='word_1_278' title='bbox 879 1326 1026 1369; x_wconf 80' lang='lat' dir='ltr'>superficie</span> <span class='ocrx_word' id='word_1_279' title='bbox 1051 1331 1184 1372; x_wconf 74' lang='lat' dir='ltr'>aequabili</span> <span class='ocrx_word' id='word_1_280' title='bbox 1201 1337 1230 1364; x_wconf 67' lang='grc' dir='ltr'>ὅ(</span> <span class='ocrx_word' id='word_1_281' title='bbox 1246 1337 1310 1365; x_wconf 77' lang='lat' dir='ltr'>uni.</span> 
     </span>
     <span class='ocr_line' id='line_1_30' title="bbox 77 1369 1309 1419; baseline -0.006 -12"><span class='ocrx_word' id='word_1_282' title='bbox 77 1386 104 1407; x_wconf 81' lang='lat' dir='ltr'>ta</span> <span class='ocrx_word' id='word_1_283' title='bbox 119 1398 127 1410; x_wconf 88' lang='lat'>‚</span> <span class='ocrx_word' id='word_1_284' title='bbox 150 1388 214 1407; x_wconf 88' lang='lat' dir='ltr'>curn</span> <span class='ocrx_word' id='word_1_285' title='bbox 238 1386 328 1419; x_wconf 78' lang='lat' dir='ltr'>partes</span> <span class='ocrx_word' id='word_1_286' title='bbox 350 1376 423 1403; x_wconf 61' lang='lat' dir='ltr'>aeris</span> <span class='ocrx_word' id='word_1_287' title='bbox 441 1373 598 1418; x_wconf 73' lang='lat' dir='ltr'>superiores</span> <span class='ocrx_word' id='word_1_288' title='bbox 624 1372 716 1411; x_wconf 81' lang='lat' dir='ltr'>magis</span> <span class='ocrx_word' id='word_1_289' title='bbox 733 1379 763 1398; x_wconf 83' lang='lat' dir='ltr'>ac</span> <span class='ocrx_word' id='word_1_290' title='bbox 786 1372 877 1410; x_wconf 75' lang='lat' dir='ltr'>magis</span> <span class='ocrx_word' id='word_1_291' title='bbox 900 1369 1069 1402; x_wconf 75' lang='lat' dir='ltr'>rarescentes</span> <span class='ocrx_word' id='word_1_292' title='bbox 1091 1373 1147 1405; x_wconf 77' lang='lat' dir='ltr'>huc</span> <span class='ocrx_word' id='word_1_293' title='bbox 1165 1375 1234 1407; x_wconf 72' lang='lat' dir='ltr'>ffluc</span> <span class='ocrx_word' id='word_1_294' title='bbox 1255 1377 1309 1409; x_wconf 65' lang='lat' dir='ltr'>fint</span> 
     </span>
     <span class='ocr_line' id='line_1_31' title="bbox 75 1412 1310 1462; baseline -0.005 -13"><span class='ocrx_word' id='word_1_295' title='bbox 75 1418 205 1462; x_wconf 77' lang='lat' dir='ltr'>dispersae</span> <span class='ocrx_word' id='word_1_296' title='bbox 225 1433 248 1458; x_wconf 74' lang='lat'>3.</span> <span class='ocrx_word' id='word_1_297' title='bbox 271 1416 391 1460; x_wconf 73' lang='lat' dir='ltr'>Negligi</span> <span class='ocrx_word' id='word_1_298' title='bbox 413 1415 488 1457; x_wconf 87' lang='lat' dir='ltr'>posse</span> <span class='ocrx_word' id='word_1_299' title='bbox 513 1424 670 1443; x_wconf 78' lang='lat' dir='ltr'>extremam</span> <span class='ocrx_word' id='word_1_300' title='bbox 694 1412 888 1454; x_wconf 70' lang='lat' dir='ltr'>atmospboerae</span> <span class='ocrx_word' id='word_1_301' title='bbox 911 1423 1020 1455; x_wconf 81' lang='lat' dir='ltr'>partem</span> <span class='ocrx_word' id='word_1_302' title='bbox 1039 1437 1048 1451; x_wconf 91' lang='lat'><em>,</em></span> <span class='ocrx_word' id='word_1_303' title='bbox 1072 1420 1152 1459; x_wconf 74' lang='lat' dir='ltr'>cujus</span> <span class='ocrx_word' id='word_1_304' title='bbox 1173 1420 1310 1462; x_wconf 53' lang='lat' dir='ltr'>ponderis</span> 
     </span>
     <span class='ocr_line' id='line_1_32' title="bbox 76 1454 744 1499; baseline -0.015 -5"><span class='ocrx_word' id='word_1_305' title='bbox 76 1466 149 1494; x_wconf 82' lang='lat' dir='ltr'>ratio</span> <span class='ocrx_word' id='word_1_306' title='bbox 175 1463 210 1492; x_wconf 84' lang='lat' dir='ltr'>ad</span> <span class='ocrx_word' id='word_1_307' title='bbox 233 1465 321 1493; x_wconf 86' lang='lat' dir='ltr'>totius</span> <span class='ocrx_word' id='word_1_308' title='bbox 344 1459 487 1490; x_wconf 72' lang='lat' dir='ltr'>columna·</span> <span class='ocrx_word' id='word_1_309' title='bbox 509 1456 623 1499; x_wconf 85' lang='lat' dir='ltr'>pondus</span> <span class='ocrx_word' id='word_1_310' title='bbox 651 1454 744 1485; x_wconf 87' lang='lat' dir='ltr'>datur.</span> 
     </span>
    </p>

    <p class='ocr_par' dir='ltr' id='par_1_9' title="bbox 74 1497 1310 1810">
     <span class='ocr_line' id='line_1_33' title="bbox 121 1497 1309 1547; baseline 0 -10"><span class='ocrx_word' id='word_1_311' title='bbox 121 1509 159 1537; x_wconf 90' lang='lat' dir='ltr'>V.</span> <span class='ocrx_word' id='word_1_312' title='bbox 187 1507 268 1536; x_wconf 86' lang='lat' dir='ltr'>Hinc</span> <span class='ocrx_word' id='word_1_313' title='bbox 295 1504 413 1535; x_wconf 68' lang='lat' dir='ltr'>demum</span> <span class='ocrx_word' id='word_1_314' title='bbox 431 1499 624 1544; x_wconf 76' lang='lat' dir='ltr'>quorumdam</span> <span class='ocrx_word' id='word_1_315' title='bbox 641 1497 850 1544; x_wconf 67' lang='lat' dir='ltr'>problematum</span> <span class='ocrx_word' id='word_1_316' title='bbox 873 1498 1046 1532; x_wconf 87' lang='lat' dir='ltr'>solutionem</span> <span class='ocrx_word' id='word_1_317' title='bbox 1059 1505 1131 1534; x_wconf 88' lang='lat' dir='ltr'>eruit</span> <span class='ocrx_word' id='word_1_318' title='bbox 1148 1504 1244 1547; x_wconf 76' lang='lat' dir='ltr'>posito</span> <span class='ocrx_word' id='word_1_319' title='bbox 1263 1510 1309 1537; x_wconf 61' lang='grc' dir='ltr'>ηδ,</span> 
     </span>
     <span class='ocr_line' id='line_1_34' title="bbox 75 1539 1310 1592; baseline -0.005 -11"><span class='ocrx_word' id='word_1_320' title='bbox 75 1561 105 1581; x_wconf 88' lang='lat' dir='ltr'>re</span> <span class='ocrx_word' id='word_1_321' title='bbox 127 1549 254 1592; x_wconf 87' lang='lat' dir='ltr'>ejusdem</span> <span class='ocrx_word' id='word_1_322' title='bbox 274 1547 381 1591; x_wconf 87' lang='lat' dir='ltr'>ubique</span> <span class='ocrx_word' id='word_1_323' title='bbox 407 1555 512 1575; x_wconf 77' lang='lat' dir='ltr'>naturae</span> <span class='ocrx_word' id='word_1_324' title='bbox 528 1565 536 1577; x_wconf 90' lang='lat'>,</span> <span class='ocrx_word' id='word_1_325' title='bbox 557 1543 628 1572; x_wconf 87' lang='lat' dir='ltr'>adeo</span> <span class='ocrx_word' id='word_1_326' title='bbox 650 1552 680 1572; x_wconf 91' lang='lat' dir='ltr'>ut</span> <span class='ocrx_word' id='word_1_327' title='bbox 702 1541 759 1571; x_wconf 77' lang='lat' dir='ltr'>iola</span> <span class='ocrx_word' id='word_1_328' title='bbox 783 1539 958 1584; x_wconf 77' lang='lat' dir='ltr'>preffionum</span> <span class='ocrx_word' id='word_1_329' title='bbox 980 1548 1010 1576; x_wconf 87' lang='lat'><strong>&amp;</strong></span> <span class='ocrx_word' id='word_1_330' title='bbox 1038 1556 1160 1577; x_wconf 86' lang='lat' dir='ltr'>oncrum</span> <span class='ocrx_word' id='word_1_331' title='bbox 1184 1551 1310 1592; x_wconf 64' lang='lat' dir='ltr'>inaqua-</span> 
     </span>
     <span class='ocr_line' id='line_1_35' title="bbox 75 1585 1309 1631; baseline 0 -7"><span class='ocrx_word' id='word_1_332' title='bbox 75 1593 141 1625; x_wconf 72' lang='lat' dir='ltr'>litas</span> <span class='ocrx_word' id='word_1_333' title='bbox 154 1592 344 1624; x_wconf 77' lang='lat' dir='ltr'>diversitatem</span> <span class='ocrx_word' id='word_1_334' title='bbox 357 1589 483 1631; x_wconf 80' lang='lat' dir='ltr'>aliquam</span> <span class='ocrx_word' id='word_1_335' title='bbox 507 1585 630 1617; x_wconf 83' lang='lat' dir='ltr'>inducat.</span> <span class='ocrx_word' id='word_1_336' title='bbox 647 1597 669 1616; x_wconf 91' lang='lat'>1.</span> <span class='ocrx_word' id='word_1_337' title='bbox 690 1587 848 1616; x_wconf 81' lang='lat' dir='ltr'>Barometri</span> <span class='ocrx_word' id='word_1_338' title='bbox 862 1598 916 1629; x_wconf 88' lang='lat' dir='ltr'>ope</span> <span class='ocrx_word' id='word_1_339' title='bbox 933 1588 1067 1630; x_wconf 60' lang='lat' dir='ltr'>cuiusque</span> <span class='ocrx_word' id='word_1_340' title='bbox 1106 1591 1206 1623; x_wconf 68' lang='lat' dir='ltr'>raecelsi</span> <span class='ocrx_word' id='word_1_341' title='bbox 1227 1605 1309 1625; x_wconf 88' lang='lat' dir='ltr'>mon-</span> 
     </span>
     <span class='ocr_line' id='line_1_36' title="bbox 74 1602 1308 1679; baseline 0 -11"><span class='ocrx_word' id='word_1_342' title='bbox 74 1640 112 1668; x_wconf 75' lang='lat' dir='ltr'>tis</span> <span class='ocrx_word' id='word_1_343' title='bbox 132 1636 255 1668; x_wconf 83' lang='lat' dir='ltr'>altitudo</span> <span class='ocrx_word' id='word_1_344' title='bbox 280 1635 402 1665; x_wconf 86' lang='lat' dir='ltr'>inveniti</span> <span class='ocrx_word' id='word_1_345' title='bbox 428 1630 528 1676; x_wconf 84' lang='lat' dir='ltr'>potest.</span> <span class='ocrx_word' id='word_1_346' title='bbox 555 1642 579 1661; x_wconf 92' lang='lat'>2.</span> <span class='ocrx_word' id='word_1_347' title='bbox 598 1632 675 1660; x_wconf 81' lang='lat' dir='ltr'>Inter</span> <span class='ocrx_word' id='word_1_348' title='bbox 693 1629 917 1675; x_wconf 41' lang='lat' dir='ltr'>errhauriendum</span> <span class='ocrx_word' id='word_1_349' title='bbox 933 1634 997 1661; x_wconf 64' lang='lat' dir='ltr'>aeta</span> <span class='ocrx_word' id='word_1_350' title='bbox 1017 1602 1157 1664; x_wconf 68' lang='lat' dir='ltr'>maciiinae</span> <span class='ocrx_word' id='word_1_351' title='bbox 1172 1647 1308 1679; x_wconf 85' lang='lat' dir='ltr'>pneuma-</span> 
     </span>
     <span class='ocr_line' id='line_1_37' title="bbox 75 1672 1306 1723; baseline -0.002 -13"><span class='ocrx_word' id='word_1_352' title='bbox 75 1683 138 1712; x_wconf 83' lang='lat' dir='ltr'>ticae</span> <span class='ocrx_word' id='word_1_353' title='bbox 154 1679 239 1723; x_wconf 86' lang='lat' dir='ltr'>usque</span> <span class='ocrx_word' id='word_1_354' title='bbox 263 1677 299 1709; x_wconf 84' lang='lat' dir='ltr'>ad</span> <span class='ocrx_word' id='word_1_355' title='bbox 326 1687 432 1707; x_wconf 81' lang='lat' dir='ltr'>certam</span> <span class='ocrx_word' id='word_1_356' title='bbox 456 1675 647 1717; x_wconf 71' lang='lat' dir='ltr'>quantitatem</span> <span class='ocrx_word' id='word_1_357' title='bbox 667 1672 788 1703; x_wconf 74' lang='lat' dir='ltr'>delinire</span> <span class='ocrx_word' id='word_1_358' title='bbox 805 1683 867 1714; x_wconf 83' lang='lat' dir='ltr'>quae</span> <span class='ocrx_word' id='word_1_359' title='bbox 890 1672 922 1704; x_wconf 77' lang='lat' dir='ltr'>sit</span> <span class='ocrx_word' id='word_1_360' title='bbox 945 1674 1066 1706; x_wconf 83' lang='lat' dir='ltr'>altitudo</span> <span class='ocrx_word' id='word_1_361' title='bbox 1089 1679 1162 1708; x_wconf 61' lang='lat' dir='ltr'>a‘e‘n&#39;s</span> <span class='ocrx_word' id='word_1_362' title='bbox 1180 1680 1306 1720; x_wconf 75' lang='lat' dir='ltr'>ejusdcm</span> 
     </span>
     <span class='ocr_line' id='line_1_38' title="bbox 76 1716 1307 1764; baseline -0.005 -9"><span class='ocrx_word' id='word_1_363' title='bbox 76 1726 200 1755; x_wconf 80' lang='lat' dir='ltr'>raritatis</span> <span class='ocrx_word' id='word_1_364' title='bbox 222 1734 287 1755; x_wconf 88' lang='lat' dir='ltr'>cum</span> <span class='ocrx_word' id='word_1_365' title='bbox 311 1732 345 1751; x_wconf 90' lang='lat' dir='ltr'>eo</span> <span class='ocrx_word' id='word_1_366' title='bbox 369 1731 431 1764; x_wconf 83' lang='lat' dir='ltr'>quae</span> <span class='ocrx_word' id='word_1_367' title='bbox 451 1722 478 1748; x_wconf 92' lang='lat' dir='ltr'>in</span> <span class='ocrx_word' id='word_1_368' title='bbox 504 1717 636 1748; x_wconf 82' lang='lat' dir='ltr'>machina</span> <span class='ocrx_word' id='word_1_369' title='bbox 661 1716 789 1758; x_wconf 87' lang='lat' dir='ltr'>superest.</span> <span class='ocrx_word' id='word_1_370' title='bbox 813 1727 836 1753; x_wconf 81' lang='lat'>3.</span> <span class='ocrx_word' id='word_1_371' title='bbox 865 1718 898 1746; x_wconf 90' lang='lat' dir='ltr'>In</span> <span class='ocrx_word' id='word_1_372' title='bbox 920 1728 978 1759; x_wconf 86' lang='lat' dir='ltr'>qua</span> <span class='ocrx_word' id='word_1_373' title='bbox 1000 1721 1075 1749; x_wconf 66' lang='lat' dir='ltr'>aeris</span> <span class='ocrx_word' id='word_1_374' title='bbox 1092 1719 1241 1754; x_wconf 83' lang='lat' dir='ltr'>altitudine</span> <span class='ocrx_word' id='word_1_375' title='bbox 1260 1735 1307 1754; x_wconf 84' lang='lat' dir='ltr'>cx.</span> 
     </span>
     <span class='ocr_line' id='line_1_39' title="bbox 78 1759 1152 1810; baseline -0.006 -11"><span class='ocrx_word' id='word_1_376' title='bbox 78 1769 253 1810; x_wconf 81' lang='lat' dir='ltr'>tingueretur</span> <span class='ocrx_word' id='word_1_377' title='bbox 268 1763 392 1798; x_wconf 75' lang='lat' dir='ltr'>animal,</span> <span class='ocrx_word' id='word_1_378' title='bbox 413 1761 492 1806; x_wconf 89' lang='lat' dir='ltr'>quod</span> <span class='ocrx_word' id='word_1_379' title='bbox 516 1765 545 1791; x_wconf 86' lang='lat' dir='ltr'>in</span> <span class='ocrx_word' id='word_1_380' title='bbox 567 1760 699 1790; x_wconf 84' lang='lat' dir='ltr'>machina</span> <span class='ocrx_word' id='word_1_381' title='bbox 722 1759 877 1790; x_wconf 83' lang='lat' dir='ltr'>intercluso</span> <span class='ocrx_word' id='word_1_382' title='bbox 898 1759 996 1803; x_wconf 86' lang='lat' dir='ltr'>spiritu</span> <span class='ocrx_word' id='word_1_383' title='bbox 1019 1765 1152 1795; x_wconf 88' lang='lat' dir='ltr'>moritur.</span> 
     </span>
    </p>

    <p class='ocr_par' dir='ltr' id='par_1_10' title="bbox 77 1801 1310 2112">
     <span class='ocr_line' id='line_1_40' title="bbox 125 1801 1309 1843; baseline 0.003 -5"><span class='ocrx_word' id='word_1_384' title='bbox 125 1814 152 1842; x_wconf 94' lang='lat' dir='ltr'>V</span> <span class='ocrx_word' id='word_1_385' title='bbox 169 1813 193 1842; x_wconf 79' lang='lat'>1,</span> <span class='ocrx_word' id='word_1_386' title='bbox 220 1811 277 1840; x_wconf 85' lang='lat' dir='ltr'>His</span> <span class='ocrx_word' id='word_1_387' title='bbox 296 1812 326 1840; x_wconf 87' lang='lat'>&amp;</span> <span class='ocrx_word' id='word_1_388' title='bbox 343 1807 406 1838; x_wconf 81' lang='lat' dir='ltr'>aliis</span> <span class='ocrx_word' id='word_1_389' title='bbox 425 1807 548 1837; x_wconf 84' lang='lat' dir='ltr'>breviter</span> <span class='ocrx_word' id='word_1_390' title='bbox 574 1801 695 1833; x_wconf 81' lang='lat' dir='ltr'>decursis</span> <span class='ocrx_word' id='word_1_391' title='bbox 716 1802 775 1833; x_wconf 75' lang='lat' dir='ltr'>haec</span> <span class='ocrx_word' id='word_1_392' title='bbox 793 1802 909 1834; x_wconf 75' lang='lat' dir='ltr'>tandem</span> <span class='ocrx_word' id='word_1_393' title='bbox 924 1807 1126 1837; x_wconf 82' lang='lat' dir='ltr'>animadvertit</span> <span class='ocrx_word' id='word_1_394' title='bbox 1139 1830 1149 1843; x_wconf 94' lang='lat'><em>‚</em></span> <span class='ocrx_word' id='word_1_395' title='bbox 1172 1809 1309 1841; x_wconf 82' lang='lat' dir='ltr'>constitu-</span> 
     </span>
     <span class='ocr_line' id='line_1_41' title="bbox 77 1845 1309 1895; baseline -0.002 -10"><span class='ocrx_word' id='word_1_396' title='bbox 77 1857 188 1886; x_wconf 87' lang='lat' dir='ltr'>tionem</span> <span class='ocrx_word' id='word_1_397' title='bbox 215 1855 288 1883; x_wconf 56' lang='lat' dir='ltr'>affixis</span> <span class='ocrx_word' id='word_1_398' title='bbox 305 1852 440 1882; x_wconf 61' lang='lat' dir='ltr'>hactenus</span> <span class='ocrx_word' id='word_1_399' title='bbox 463 1859 542 1879; x_wconf 85' lang='lat' dir='ltr'>more</span> <span class='ocrx_word' id='word_1_400' title='bbox 563 1848 750 1877; x_wconf 86' lang='lat' dir='ltr'>Geometrico</span> <span class='ocrx_word' id='word_1_401' title='bbox 771 1845 922 1889; x_wconf 67' lang='lat' dir='ltr'>spcstatam</span> <span class='ocrx_word' id='word_1_402' title='bbox 944 1846 1024 1880; x_wconf 75' lang='lat' dir='ltr'>fuisse</span> <span class='ocrx_word' id='word_1_403' title='bbox 1039 1853 1115 1888; x_wconf 84' lang='lat' dir='ltr'>juxta</span> <span class='ocrx_word' id='word_1_404' title='bbox 1128 1855 1309 1895; x_wconf 83' lang='lat' dir='ltr'>experimen-</span> 
     </span>
     <span class='ocr_line' id='line_1_42' title="bbox 78 1888 1310 1938; baseline -0.002 -10"><span class='ocrx_word' id='word_1_405' title='bbox 78 1908 105 1928; x_wconf 88' lang='lat' dir='ltr'>ta</span> <span class='ocrx_word' id='word_1_406' title='bbox 128 1897 143 1927; x_wconf 73' lang='grc' dir='ltr'>ὲ</span> <span class='ocrx_word' id='word_1_407' title='bbox 164 1898 206 1928; x_wconf 87' lang='lat' dir='ltr'>D.</span> <span class='ocrx_word' id='word_1_408' title='bbox 231 1897 368 1927; x_wconf 86' lang='lat' dir='ltr'>Mariotte</span> <span class='ocrx_word' id='word_1_409' title='bbox 390 1893 472 1924; x_wconf 56' lang='lat' dir='ltr'>faeta.</span> <span class='ocrx_word' id='word_1_410' title='bbox 492 1893 532 1922; x_wconf 86' lang='lat' dir='ltr'>At</span> <span class='ocrx_word' id='word_1_411' title='bbox 555 1889 573 1920; x_wconf 82' lang='lat' dir='ltr'>si</span> <span class='ocrx_word' id='word_1_412' title='bbox 593 1901 623 1920; x_wconf 93' lang='lat' dir='ltr'>ut</span> <span class='ocrx_word' id='word_1_413' title='bbox 645 1888 758 1931; x_wconf 79' lang='lat' dir='ltr'>Phyfici</span> <span class='ocrx_word' id='word_1_414' title='bbox 780 1890 1019 1933; x_wconf 81' lang='lat' dir='ltr'>compositionem</span> <span class='ocrx_word' id='word_1_415' title='bbox 1036 1896 1110 1924; x_wconf 71' lang='lat' dir='ltr'>a&#39;e‘ris</span> <span class='ocrx_word' id='word_1_416' title='bbox 1131 1894 1310 1938; x_wconf 86' lang='lat' dir='ltr'>contemple-</span> 
     </span>
     <span class='ocr_line' id='line_1_43' title="bbox 78 1932 1309 1983; baseline -0.002 -14"><span class='ocrx_word' id='word_1_417' title='bbox 78 1952 144 1972; x_wconf 80' lang='lat' dir='ltr'>mur</span> <span class='ocrx_word' id='word_1_418' title='bbox 158 1961 166 1975; x_wconf 91' lang='lat'><em>,</em></span> <span class='ocrx_word' id='word_1_419' title='bbox 189 1941 249 1971; x_wconf 79' lang='lat' dir='ltr'>haec</span> <span class='ocrx_word' id='word_1_420' title='bbox 271 1941 411 1983; x_wconf 87' lang='lat' dir='ltr'>imprimis</span> <span class='ocrx_word' id='word_1_421' title='bbox 436 1934 561 1968; x_wconf 81' lang='lat' dir='ltr'>notanda</span> <span class='ocrx_word' id='word_1_422' title='bbox 586 1934 670 1969; x_wconf 88' lang='lat' dir='ltr'>sunt·‚</span> <span class='ocrx_word' id='word_1_423' title='bbox 697 1944 756 1963; x_wconf 92' lang='lat' dir='ltr'>non</span> <span class='ocrx_word' id='word_1_424' title='bbox 776 1932 885 1976; x_wconf 81' lang='lat' dir='ltr'>semper</span> <span class='ocrx_word' id='word_1_425' title='bbox 911 1938 976 1966; x_wconf 70' lang='lat' dir='ltr'>aera</span> <span class='ocrx_word' id='word_1_426' title='bbox 996 1939 1173 1979; x_wconf 88' lang='lat' dir='ltr'>comprimi,</span> <span class='ocrx_word' id='word_1_427' title='bbox 1193 1949 1241 1969; x_wconf 84' lang='lat' dir='ltr'>aut</span> <span class='ocrx_word' id='word_1_428' title='bbox 1263 1938 1309 1970; x_wconf 83' lang='lat' dir='ltr'>di-</span> 
     </span>
     <span class='ocr_line' id='line_1_44' title="bbox 79 1977 1308 2026; baseline -0.001 -12"><span class='ocrx_word' id='word_1_429' title='bbox 79 1984 160 2016; x_wconf 81' lang='lat' dir='ltr'>latari</span> <span class='ocrx_word' id='word_1_430' title='bbox 180 1988 259 2026; x_wconf 77' lang='lat' dir='ltr'>juxta</span> <span class='ocrx_word' id='word_1_431' title='bbox 282 1981 442 2025; x_wconf 87' lang='lat' dir='ltr'>ponderum</span> <span class='ocrx_word' id='word_1_432' title='bbox 468 1977 696 2010; x_wconf 87' lang='lat' dir='ltr'>incumbentium</span> <span class='ocrx_word' id='word_1_433' title='bbox 716 1979 874 2008; x_wconf 83' lang='lat' dir='ltr'>rationem:</span> <span class='ocrx_word' id='word_1_434' title='bbox 899 1989 962 2009; x_wconf 89' lang='lat' dir='ltr'>cum</span> <span class='ocrx_word' id='word_1_435' title='bbox 987 1983 1063 2010; x_wconf 86' lang='lat' dir='ltr'>enim</span> <span class='ocrx_word' id='word_1_436' title='bbox 1080 1980 1308 2013; x_wconf 85' lang='lat' dir='ltr'>exhalationibus</span> 
     </span>
     <span class='ocr_line' id='line_1_45' title="bbox 80 2020 1309 2071; baseline -0.002 -13"><span class='ocrx_word' id='word_1_437' title='bbox 80 2031 113 2058; x_wconf 90' lang='lat'>&amp;</span> <span class='ocrx_word' id='word_1_438' title='bbox 139 2026 291 2071; x_wconf 82' lang='lat' dir='ltr'>vaporibus</span> <span class='ocrx_word' id='word_1_439' title='bbox 310 2024 342 2055; x_wconf 79' lang='lat' dir='ltr'>sit</span> <span class='ocrx_word' id='word_1_440' title='bbox 356 2024 494 2058; x_wconf 82' lang='lat' dir='ltr'>refertus,</span> <span class='ocrx_word' id='word_1_441' title='bbox 517 2025 577 2053; x_wconf 89' lang='lat' dir='ltr'>imo</span> <span class='ocrx_word' id='word_1_442' title='bbox 597 2025 623 2052; x_wconf 68' lang='lat' dir='ltr'>«St</span> <span class='ocrx_word' id='word_1_443' title='bbox 645 2020 811 2063; x_wconf 83' lang='lat' dir='ltr'>quibusdam</span> <span class='ocrx_word' id='word_1_444' title='bbox 831 2022 975 2064; x_wconf 82' lang='lat' dir='ltr'>particulis</span> <span class='ocrx_word' id='word_1_445' title='bbox 993 2022 1177 2054; x_wconf 84' lang='lat' dir='ltr'>solidioribus</span> <span class='ocrx_word' id='word_1_446' title='bbox 1198 2023 1231 2055; x_wconf 77' lang='lat' dir='ltr'>sit</span> <span class='ocrx_word' id='word_1_447' title='bbox 1244 2037 1309 2068; x_wconf 86' lang='lat' dir='ltr'>pet-</span> 
     </span>
     <span class='ocr_line' id='line_1_46' title="bbox 80 2063 1264 2112; baseline -0.002 -11"><span class='ocrx_word' id='word_1_448' title='bbox 80 2071 196 2106; x_wconf 81' lang='lat' dir='ltr'>mistus‚</span> <span class='ocrx_word' id='word_1_449' title='bbox 218 2070 266 2101; x_wconf 85' lang='lat' dir='ltr'>ubi</span> <span class='ocrx_word' id='word_1_450' title='bbox 289 2068 391 2112; x_wconf 86' lang='lat' dir='ltr'>ptessio</span> <span class='ocrx_word' id='word_1_451' title='bbox 412 2067 448 2098; x_wconf 88' lang='lat' dir='ltr'>ad</span> <span class='ocrx_word' id='word_1_452' title='bbox 466 2076 558 2096; x_wconf 87' lang='lat' dir='ltr'>certos</span> <span class='ocrx_word' id='word_1_453' title='bbox 581 2063 653 2095; x_wconf 88' lang='lat' dir='ltr'>fines</span> <span class='ocrx_word' id='word_1_454' title='bbox 669 2067 779 2095; x_wconf 86' lang='lat' dir='ltr'>venerit</span> <span class='ocrx_word' id='word_1_455' title='bbox 794 2086 804 2099; x_wconf 92' lang='lat'>‚</span> <span class='ocrx_word' id='word_1_456' title='bbox 829 2066 945 2096; x_wconf 82' lang='lat' dir='ltr'>ulterius</span> <span class='ocrx_word' id='word_1_457' title='bbox 963 2067 1096 2108; x_wconf 86' lang='lat' dir='ltr'>progredi</span> <span class='ocrx_word' id='word_1_458' title='bbox 1120 2069 1167 2097; x_wconf 89' lang='lat' dir='ltr'>vix</span> <span class='ocrx_word' id='word_1_459' title='bbox 1190 2067 1264 2099; x_wconf 88' lang='lat' dir='ltr'>licet.</span> 
     </span>
    </p>

    <p class='ocr_par' dir='ltr' id='par_1_11' title="bbox 129 2107 1307 2154">
     <span class='ocr_line' id='line_1_47' title="bbox 129 2107 1307 2154; baseline 0.001 -11"><span class='ocrx_word' id='word_1_460' title='bbox 129 2115 213 2146; x_wconf 86' lang='lat' dir='ltr'><strong>VII.</strong></span> <span class='ocrx_word' id='word_1_461' title='bbox 237 2111 440 2154; x_wconf 81' lang='lat' dir='ltr'>Qamobrern</span> <span class='ocrx_word' id='word_1_462' title='bbox 465 2112 574 2151; x_wconf 80' lang='lat' dir='ltr'>majora</span> <span class='ocrx_word' id='word_1_463' title='bbox 594 2107 722 2151; x_wconf 83' lang='lat' dir='ltr'>pondera</span> <span class='ocrx_word' id='word_1_464' title='bbox 739 2119 800 2139; x_wconf 87' lang='lat' dir='ltr'>non</span> <span class='ocrx_word' id='word_1_465' title='bbox 820 2119 852 2140; x_wconf 84' lang='lat' dir='ltr'>ea</span> <span class='ocrx_word' id='word_1_466' title='bbox 875 2110 985 2143; x_wconf 82' lang='lat' dir='ltr'>ratione</span> <span class='ocrx_word' id='word_1_467' title='bbox 998 2120 1152 2153; x_wconf 86' lang='lat' dir='ltr'>premunt,</span> <span class='ocrx_word' id='word_1_468' title='bbox 1170 2122 1216 2144; x_wconf 79' lang='lat' dir='ltr'>aut</span> <span class='ocrx_word' id='word_1_469' title='bbox 1234 2110 1307 2150; x_wconf 85' lang='lat' dir='ltr'>den-¹</span> 
     </span>
    </p>
   </div>
  </div>
 </body>
</html>
