<?xml version="1.0" encoding="UTF-8"?>
<!DOCTYPE html PUBLIC "-//W3C//DTD XHTML 1.0 Transitional//EN"
    "http://www.w3.org/TR/xhtml1/DTD/xhtml1-transitional.dtd">
<html xmlns="http://www.w3.org/1999/xhtml" xml:lang="en" lang="en">
 <head>
  <title>
</title>
<meta http-equiv="Content-Type" content="text/html;charset=utf-8" />
  <meta name='ocr-system' content='tesseract 3.04.00' />
  <meta name='ocr-capabilities' content='ocr_page ocr_carea ocr_par ocr_line ocrx_word'/>
</head>
<body>
  <div class='ocr_page' id='page_1' title='image "./regiscientiaru98duha_0221.png"; bbox 0 0 1638 2345; ppageno 0'>
   <div class='ocr_carea' id='block_1_1' title="bbox 66 70 1415 2018">
    <p class='ocr_par' dir='ltr' id='par_1_1' title="bbox 66 70 1415 422">
     <span class='ocr_line' id='line_1_1' title="bbox 252 70 1297 112; baseline 0.002 -8"><span class='ocrx_word' id='word_1_1' title='bbox 252 70 555 105; x_wconf 79' lang='lat' dir='ltr'><strong>ACADEMIAE</strong></span> <span class='ocrx_word' id='word_1_2' title='bbox 594 72 894 106; x_wconf 82' lang='lat' dir='ltr'>HISTORIA.</span> <span class='ocrx_word' id='word_1_3' title='bbox 927 73 1093 106; x_wconf 76' lang='lat' dir='ltr'>L1=.11.</span> <span class='ocrx_word' id='word_1_4' title='bbox 1240 76 1297 112; x_wconf 61' lang='grc' dir='ltr'>ἵ,</span> 
     </span>
     <span class='ocr_line' id='line_1_2' title="bbox 66 86 1415 161; baseline 0.001 -12"><span class='ocrx_word' id='word_1_5' title='bbox 66 118 209 154; x_wconf 57' lang='lat' dir='ltr'>cultetun</span> <span class='ocrx_word' id='word_1_6' title='bbox 229 129 276 148; x_wconf 89' lang='lat' dir='ltr'>aut</span> <span class='ocrx_word' id='word_1_7' title='bbox 295 119 434 148; x_wconf 81' lang='lat' dir='ltr'>remotior</span> <span class='ocrx_word' id='word_1_8' title='bbox 460 129 491 148; x_wconf 85' lang='lat' dir='ltr'>ac</span> <span class='ocrx_word' id='word_1_9' title='bbox 520 119 643 148; x_wconf 83' lang='lat' dir='ltr'>tenuiori</span> <span class='ocrx_word' id='word_1_10' title='bbox 664 116 725 148; x_wconf 90' lang='lat' dir='ltr'>lucc</span> <span class='ocrx_word' id='word_1_11' title='bbox 747 117 885 161; x_wconf 82' lang='lat' dir='ltr'>perfusus.</span> <span class='ocrx_word' id='word_1_12' title='bbox 901 119 950 149; x_wconf 88' lang='lat' dir='ltr'>Sic</span> <span class='ocrx_word' id='word_1_13' title='bbox 971 119 1133 150; x_wconf 84' lang='lat' dir='ltr'>Mercurius</span> <span class='ocrx_word' id='word_1_14' title='bbox 1151 86 1284 161; x_wconf 48' lang='lat' dir='ltr'>pluresiii</span> <span class='ocrx_word' id='word_1_15' title='bbox 1314 110 1415 161; x_wconf 38' lang='lat' dir='ltr'>Alb-‘⁴</span> 
     </span>
     <span class='ocr_line' id='line_1_3' title="bbox 69 159 1415 204; baseline 0.001 -12"><span class='ocrx_word' id='word_1_16' title='bbox 69 159 184 192; x_wconf 84' lang='lat' dir='ltr'>terdum</span> <span class='ocrx_word' id='word_1_17' title='bbox 200 160 398 192; x_wconf 82' lang='lat' dir='ltr'>-revolutiones</span> <span class='ocrx_word' id='word_1_18' title='bbox 420 159 537 191; x_wconf 84' lang='lat' dir='ltr'>conficit</span> <span class='ocrx_word' id='word_1_19' title='bbox 549 186 558 199; x_wconf 88' lang='lat'>‚</span> <span class='ocrx_word' id='word_1_20' title='bbox 583 172 635 191; x_wconf 90' lang='lat' dir='ltr'>nec</span> <span class='ocrx_word' id='word_1_21' title='bbox 651 161 763 192; x_wconf 86' lang='lat' dir='ltr'>videtur</span> <span class='ocrx_word' id='word_1_22' title='bbox 782 173 888 193; x_wconf 78' lang='lat' dir='ltr'>tamen.</span> <span class='ocrx_word' id='word_1_23' title='bbox 905 162 951 192; x_wconf 85' lang='lat' dir='ltr'>De</span> <span class='ocrx_word' id='word_1_24' title='bbox 967 161 1044 192; x_wconf 83' lang='lat' dir='ltr'>stella</span> <span class='ocrx_word' id='word_1_25' title='bbox 1059 173 1119 204; x_wconf 81' lang='lat' dir='ltr'>quae</span> <span class='ocrx_word' id='word_1_26' title='bbox 1140 162 1178 192; x_wconf 84' lang='lat' dir='ltr'>est</span> <span class='ocrx_word' id='word_1_27' title='bbox 1196 165 1225 192; x_wconf 88' lang='lat' dir='ltr'>in</span> <span class='ocrx_word' id='word_1_28' title='bbox 1237 163 1298 194; x_wconf 88' lang='lat' dir='ltr'>col·</span> <span class='ocrx_word' id='word_1_29' title='bbox 1315 164 1415 186; x_wconf 60' lang='lat' dir='ltr'><em>’mmm‘</em></span> 
     </span>
     <span class='ocr_line' id='line_1_4' title="bbox 73 201 1304 248; baseline 0.002 -14"><span class='ocrx_word' id='word_1_30' title='bbox 73 203 104 234; x_wconf 89' lang='lat' dir='ltr'>lo</span> <span class='ocrx_word' id='word_1_31' title='bbox 124 205 191 235; x_wconf 82' lang='lat' dir='ltr'>Ceti</span> <span class='ocrx_word' id='word_1_32' title='bbox 203 229 211 242; x_wconf 88' lang='lat'><strong><em>‚</em></strong></span> <span class='ocrx_word' id='word_1_33' title='bbox 225 204 254 235; x_wconf 92' lang='lat' dir='ltr'>id</span> <span class='ocrx_word' id='word_1_34' title='bbox 274 204 374 245; x_wconf 78' lang='lat' dir='ltr'>liquet,</span> <span class='ocrx_word' id='word_1_35' title='bbox 389 215 451 246; x_wconf 76' lang='lat' dir='ltr'>qua:</span> <span class='ocrx_word' id='word_1_36' title='bbox 464 215 513 248; x_wconf 86' lang='lat' dir='ltr'>per</span> <span class='ocrx_word' id='word_1_37' title='bbox 529 217 547 244; x_wconf 88' lang='lat'><em>7</em></span> <span class='ocrx_word' id='word_1_38' title='bbox 562 216 608 235; x_wconf 87' lang='lat' dir='ltr'>aut</span> <span class='ocrx_word' id='word_1_39' title='bbox 619 207 635 234; x_wconf 82' lang='lat'><strong>8</strong></span> <span class='ocrx_word' id='word_1_40' title='bbox 648 205 757 235; x_wconf 86' lang='lat' dir='ltr'>menses</span> <span class='ocrx_word' id='word_1_41' title='bbox 769 204 884 248; x_wconf 79' lang='lat' dir='ltr'>singulis</span> <span class='ocrx_word' id='word_1_42' title='bbox 895 208 974 236; x_wconf 81' lang='lat' dir='ltr'>annis</span> <span class='ocrx_word' id='word_1_43' title='bbox 990 206 1091 237; x_wconf 83' lang='lat' dir='ltr'>oculos</span> <span class='ocrx_word' id='word_1_44' title='bbox 1112 201 1196 247; x_wconf 84' lang='lat' dir='ltr'>fugit.</span> <span class='ocrx_word' id='word_1_45' title='bbox 1210 206 1304 246; x_wconf 85' lang='lat' dir='ltr'>Qod</span> 
     </span>
     <span class='ocr_line' id='line_1_5' title="bbox 70 246 1303 290; baseline 0.001 -12"><span class='ocrx_word' id='word_1_46' title='bbox 70 246 90 278; x_wconf 81' lang='lat' dir='ltr'>fi</span> <span class='ocrx_word' id='word_1_47' title='bbox 111 259 142 278; x_wconf 87' lang='lat' dir='ltr'>ea</span> <span class='ocrx_word' id='word_1_48' title='bbox 160 247 238 278; x_wconf 82' lang='lat' dir='ltr'>stella</span> <span class='ocrx_word' id='word_1_49' title='bbox 252 247 371 278; x_wconf 85' lang='lat' dir='ltr'>caudam</span> <span class='ocrx_word' id='word_1_50' title='bbox 393 249 476 278; x_wconf 80' lang='lat' dir='ltr'>instar</span> <span class='ocrx_word' id='word_1_51' title='bbox 496 249 627 279; x_wconf 82' lang='lat' dir='ltr'>Comerae</span> <span class='ocrx_word' id='word_1_52' title='bbox 645 252 815 290; x_wconf 79' lang='lat' dir='ltr'>projicerer,</span> <span class='ocrx_word' id='word_1_53' title='bbox 836 261 897 280; x_wconf 80' lang='lat' dir='ltr'>earn</span> <span class='ocrx_word' id='word_1_54' title='bbox 917 260 1011 280; x_wconf 82' lang='lat' dir='ltr'>tamen</span> <span class='ocrx_word' id='word_1_55' title='bbox 1038 260 1097 280; x_wconf 90' lang='lat' dir='ltr'>non</span> <span class='ocrx_word' id='word_1_56' title='bbox 1120 249 1200 279; x_wconf 83' lang='lat' dir='ltr'>aliter</span> <span class='ocrx_word' id='word_1_57' title='bbox 1221 249 1303 279; x_wconf 85' lang='lat' dir='ltr'>vide-</span> 
     </span>
     <span class='ocr_line' id='line_1_6' title="bbox 71 290 1303 335; baseline 0.003 -15"><span class='ocrx_word' id='word_1_58' title='bbox 71 301 166 321; x_wconf 84' lang='lat' dir='ltr'>remus</span> <span class='ocrx_word' id='word_1_59' title='bbox 188 291 275 335; x_wconf 68' lang='lat' dir='ltr'>quim</span> <span class='ocrx_word' id='word_1_60' title='bbox 296 290 388 321; x_wconf 85' lang='lat' dir='ltr'>videri</span> <span class='ocrx_word' id='word_1_61' title='bbox 409 291 487 322; x_wconf 87' lang='lat' dir='ltr'>solet.</span> <span class='ocrx_word' id='word_1_62' title='bbox 509 292 588 322; x_wconf 81' lang='lat' dir='ltr'>Nam</span> <span class='ocrx_word' id='word_1_63' title='bbox 610 291 625 321; x_wconf 72' lang='grc' dir='ltr'>ὲ</span> <span class='ocrx_word' id='word_1_64' title='bbox 647 291 715 323; x_wconf 86' lang='lat' dir='ltr'>Sole</span> <span class='ocrx_word' id='word_1_65' title='bbox 729 294 761 323; x_wconf 68' lang='grc' dir='ltr'>δέ</span> <span class='ocrx_word' id='word_1_66' title='bbox 778 303 851 324; x_wconf 82' lang='lat' dir='ltr'>terra</span> <span class='ocrx_word' id='word_1_67' title='bbox 875 303 932 324; x_wconf 82' lang='lat' dir='ltr'>tam</span> <span class='ocrx_word' id='word_1_68' title='bbox 950 292 1051 335; x_wconf 84' lang='lat' dir='ltr'>procul</span> <span class='ocrx_word' id='word_1_69' title='bbox 1067 303 1176 323; x_wconf 84' lang='lat' dir='ltr'>remota</span> <span class='ocrx_word' id='word_1_70' title='bbox 1196 292 1254 327; x_wconf 88' lang='lat' dir='ltr'>est,</span> <span class='ocrx_word' id='word_1_71' title='bbox 1271 303 1303 324; x_wconf 87' lang='lat' dir='ltr'>ut</span> 
     </span>
     <span class='ocr_line' id='line_1_7' title="bbox 71 332 1299 377; baseline 0.002 -13"><span class='ocrx_word' id='word_1_72' title='bbox 71 333 149 365; x_wconf 85' lang='lat' dir='ltr'>orbis</span> <span class='ocrx_word' id='word_1_73' title='bbox 175 334 252 365; x_wconf 85' lang='lat' dir='ltr'>Solis</span> <span class='ocrx_word' id='word_1_74' title='bbox 277 345 324 364; x_wconf 76' lang='lat' dir='ltr'>aut</span> <span class='ocrx_word' id='word_1_75' title='bbox 345 332 452 364; x_wconf 85' lang='lat' dir='ltr'>telluris</span> <span class='ocrx_word' id='word_1_76' title='bbox 479 334 510 365; x_wconf 80' lang='lat' dir='ltr'>sit</span> <span class='ocrx_word' id='word_1_77' title='bbox 529 336 612 365; x_wconf 79' lang='lat' dir='ltr'>instar</span> <span class='ocrx_word' id='word_1_78' title='bbox 635 336 733 377; x_wconf 56' lang='lat' dir='ltr'>punisti</span> <span class='ocrx_word' id='word_1_79' title='bbox 750 357 761 371; x_wconf 85' lang='lat'><em>,</em></span> <span class='ocrx_word' id='word_1_80' title='bbox 781 334 802 366; x_wconf 84' lang='lat' dir='ltr'>fi</span> <span class='ocrx_word' id='word_1_81' title='bbox 823 346 888 366; x_wconf 89' lang='lat' dir='ltr'>cum</span> <span class='ocrx_word' id='word_1_82' title='bbox 905 347 936 365; x_wconf 84' lang='lat' dir='ltr'>ea</span> <span class='ocrx_word' id='word_1_83' title='bbox 959 335 1089 367; x_wconf 75' lang='lat' dir='ltr'>distantia</span> <span class='ocrx_word' id='word_1_84' title='bbox 1111 333 1299 367; x_wconf 81' lang='lat' dir='ltr'>conferatur:</span> 
     </span>
     <span class='ocr_line' id='line_1_8' title="bbox 68 376 1024 422; baseline 0.002 -15"><span class='ocrx_word' id='word_1_85' title='bbox 68 377 145 407; x_wconf 84' lang='lat' dir='ltr'>unde</span> <span class='ocrx_word' id='word_1_86' title='bbox 170 377 247 408; x_wconf 86' lang='lat' dir='ltr'>illius</span> <span class='ocrx_word' id='word_1_87' title='bbox 267 377 355 408; x_wconf 79' lang='lat' dir='ltr'>cauda</span> <span class='ocrx_word' id='word_1_88' title='bbox 375 380 405 408; x_wconf 73' lang='grc' dir='ltr'>ὅ(</span> <span class='ocrx_word' id='word_1_89' title='bbox 430 376 492 408; x_wconf 86' lang='lat' dir='ltr'>Soli</span> <span class='ocrx_word' id='word_1_90' title='bbox 516 381 545 408; x_wconf 73' lang='grc' dir='ltr'>δε</span> <span class='ocrx_word' id='word_1_91' title='bbox 576 389 655 409; x_wconf 81' lang='lat' dir='ltr'>terrae</span> <span class='ocrx_word' id='word_1_92' title='bbox 672 377 781 420; x_wconf 82' lang='lat' dir='ltr'>semper</span> <span class='ocrx_word' id='word_1_93' title='bbox 800 376 867 410; x_wconf 64' lang='lat' dir='ltr'>ess&#39;cr</span> <span class='ocrx_word' id='word_1_94' title='bbox 886 378 1024 422; x_wconf 77' lang='lat' dir='ltr'>opposita.</span> 
     </span>
    </p>

    <p class='ocr_par' dir='ltr' id='par_1_2' title="bbox 68 418 1309 896">
     <span class='ocr_line' id='line_1_9' title="bbox 115 418 1301 463; baseline -0.001 -12"><span class='ocrx_word' id='word_1_95' title='bbox 115 423 201 452; x_wconf 89' lang='lat' dir='ltr'><strong>VII.</strong></span> <span class='ocrx_word' id='word_1_96' title='bbox 232 420 265 451; x_wconf 88' lang='lat' dir='ltr'>Id</span> <span class='ocrx_word' id='word_1_97' title='bbox 281 423 365 451; x_wconf 82' lang='lat' dir='ltr'>etiam</span> <span class='ocrx_word' id='word_1_98' title='bbox 384 418 473 463; x_wconf 83' lang='lat' dir='ltr'>liquet</span> <span class='ocrx_word' id='word_1_99' title='bbox 496 431 530 451; x_wconf 79' lang='lat' dir='ltr'>ex</span> <span class='ocrx_word' id='word_1_100' title='bbox 551 420 802 452; x_wconf 80' lang='lat' dir='ltr'>observationibus</span> <span class='ocrx_word' id='word_1_101' title='bbox 827 423 1071 453; x_wconf 84' lang='lat' dir='ltr'>Astronomorum</span> <span class='ocrx_word' id='word_1_102' title='bbox 1088 424 1164 453; x_wconf 89' lang='lat' dir='ltr'>inter</span> <span class='ocrx_word' id='word_1_103' title='bbox 1185 421 1213 453; x_wconf 84' lang='lat' dir='ltr'>se</span> <span class='ocrx_word' id='word_1_104' title='bbox 1238 421 1301 453; x_wconf 80' lang='lat' dir='ltr'>col-</span> 
     </span>
     <span class='ocr_line' id='line_1_10' title="bbox 70 461 1300 508; baseline 0.002 -15"><span class='ocrx_word' id='word_1_105' title='bbox 70 461 136 494; x_wconf 81' lang='lat' dir='ltr'>laris</span> <span class='ocrx_word' id='word_1_106' title='bbox 149 465 246 499; x_wconf 88' lang='lat' dir='ltr'>‚hunc</span> <span class='ocrx_word' id='word_1_107' title='bbox 268 464 422 494; x_wconf 81' lang='lat' dir='ltr'>cometem</span> <span class='ocrx_word' id='word_1_108' title='bbox 435 465 512 494; x_wconf 80' lang='lat' dir='ltr'>Luna</span> <span class='ocrx_word' id='word_1_109' title='bbox 537 463 617 495; x_wconf 86' lang='lat' dir='ltr'>fuisse</span> <span class='ocrx_word' id='word_1_110' title='bbox 639 464 727 506; x_wconf 67' lang='lat' dir='ltr'>longe</span> <span class='ocrx_word' id='word_1_111' title='bbox 742 464 924 508; x_wconf 82' lang='lat' dir='ltr'>superiorem.</span> <span class='ocrx_word' id='word_1_112' title='bbox 946 465 1039 507; x_wconf 86' lang='lat' dir='ltr'>Qod</span> <span class='ocrx_word' id='word_1_113' title='bbox 1052 464 1072 495; x_wconf 86' lang='lat' dir='ltr'>fi</span> <span class='ocrx_word' id='word_1_114' title='bbox 1093 469 1172 496; x_wconf 85' lang='lat' dir='ltr'>enim</span> <span class='ocrx_word' id='word_1_115' title='bbox 1194 465 1228 496; x_wconf 79' lang='lat' dir='ltr'>ad</span> <span class='ocrx_word' id='word_1_116' title='bbox 1245 476 1300 496; x_wconf 82' lang='lat' dir='ltr'>ter-</span> 
     </span>
     <span class='ocr_line' id='line_1_11' title="bbox 68 506 1302 551; baseline 0.002 -15"><span class='ocrx_word' id='word_1_117' title='bbox 68 517 106 537; x_wconf 76' lang='lat' dir='ltr'>rae</span> <span class='ocrx_word' id='word_1_118' title='bbox 122 506 238 548; x_wconf 78' lang='lat' dir='ltr'>systema</span> <span class='ocrx_word' id='word_1_119' title='bbox 255 510 428 550; x_wconf 83' lang='lat' dir='ltr'>pertineret,</span> <span class='ocrx_word' id='word_1_120' title='bbox 449 517 515 537; x_wconf 87' lang='lat' dir='ltr'>cum</span> <span class='ocrx_word' id='word_1_121' title='bbox 533 508 604 538; x_wconf 82' lang='lat' dir='ltr'>astra</span> <span class='ocrx_word' id='word_1_122' title='bbox 618 509 752 551; x_wconf 85' lang='lat' dir='ltr'>cujusque</span> <span class='ocrx_word' id='word_1_123' title='bbox 776 508 929 549; x_wconf 78' lang='lat' dir='ltr'>systematis</span> <span class='ocrx_word' id='word_1_124' title='bbox 950 530 961 544; x_wconf 91' lang='lat'><em>,</em></span> <span class='ocrx_word' id='word_1_125' title='bbox 984 520 1068 551; x_wconf 85' lang='lat' dir='ltr'>atque</span> <span class='ocrx_word' id='word_1_126' title='bbox 1089 520 1120 540; x_wconf 91' lang='lat' dir='ltr'>ut</span> <span class='ocrx_word' id='word_1_127' title='bbox 1141 510 1302 540; x_wconf 85' lang='lat' dir='ltr'>Recentio-</span> 
     </span>
     <span class='ocr_line' id='line_1_12' title="bbox 70 549 1302 595; baseline 0.002 -16"><span class='ocrx_word' id='word_1_128' title='bbox 70 560 113 580; x_wconf 84' lang='lat' dir='ltr'>res</span> <span class='ocrx_word' id='word_1_129' title='bbox 138 549 295 593; x_wconf 85' lang='lat' dir='ltr'>loquuntur</span> <span class='ocrx_word' id='word_1_130' title='bbox 310 572 319 585; x_wconf 94' lang='lat'>,</span> <span class='ocrx_word' id='word_1_131' title='bbox 337 549 541 592; x_wconf 83' lang='lat' dir='ltr'>cujuscumque</span> <span class='ocrx_word' id='word_1_132' title='bbox 560 553 697 587; x_wconf 84' lang='lat' dir='ltr'>vorticis,</span> <span class='ocrx_word' id='word_1_133' title='bbox 723 562 823 582; x_wconf 84' lang='lat' dir='ltr'>centro</span> <span class='ocrx_word' id='word_1_134' title='bbox 840 551 901 583; x_wconf 90' lang='lat' dir='ltr'>sunt</span> <span class='ocrx_word' id='word_1_135' title='bbox 920 555 1073 595; x_wconf 83' lang='lat' dir='ltr'>propiora,</span> <span class='ocrx_word' id='word_1_136' title='bbox 1094 551 1217 583; x_wconf 74' lang='lat' dir='ltr'>celerius</span> <span class='ocrx_word' id='word_1_137' title='bbox 1236 563 1302 582; x_wconf 87' lang='lat' dir='ltr'>mo-</span> 
     </span>
     <span class='ocr_line' id='line_1_13' title="bbox 71 592 1304 638; baseline 0.003 -15"><span class='ocrx_word' id='word_1_138' title='bbox 71 604 175 624; x_wconf 86' lang='lat' dir='ltr'>ventur</span> <span class='ocrx_word' id='word_1_139' title='bbox 192 607 198 625; x_wconf 75' lang='grc' dir='ltr'>ε</span> <span class='ocrx_word' id='word_1_140' title='bbox 222 594 347 625; x_wconf 73' lang='lat' dir='ltr'>Cometa</span> <span class='ocrx_word' id='word_1_141' title='bbox 368 592 416 623; x_wconf 88' lang='lat' dir='ltr'>ille</span> <span class='ocrx_word' id='word_1_142' title='bbox 432 596 517 624; x_wconf 83' lang='lat' dir='ltr'>etiam</span> <span class='ocrx_word' id='word_1_143' title='bbox 532 596 561 624; x_wconf 87' lang='lat' dir='ltr'>in</span> <span class='ocrx_word' id='word_1_144' title='bbox 581 594 711 636; x_wconf 80' lang='lat' dir='ltr'>Perigaeo</span> <span class='ocrx_word' id='word_1_145' title='bbox 729 595 895 625; x_wconf 83' lang='lat' dir='ltr'>constitutus</span> <span class='ocrx_word' id='word_1_146' title='bbox 910 594 1006 625; x_wconf 73' lang='lat' dir='ltr'>multo</span> <span class='ocrx_word' id='word_1_147' title='bbox 1022 594 1128 626; x_wconf 72' lang='lat' dir='ltr'>tardius</span> <span class='ocrx_word' id='word_1_148' title='bbox 1143 594 1231 638; x_wconf 65' lang='lat' dir='ltr'>qutim</span> <span class='ocrx_word' id='word_1_149' title='bbox 1245 598 1304 627; x_wconf 80' lang='lat' dir='ltr'>Lu-</span> 
     </span>
     <span class='ocr_line' id='line_1_14' title="bbox 71 634 1305 681; baseline 0.002 -15"><span class='ocrx_word' id='word_1_150' title='bbox 71 646 109 666; x_wconf 80' lang='lat' dir='ltr'>na</span> <span class='ocrx_word' id='word_1_151' title='bbox 125 636 262 668; x_wconf 83' lang='lat' dir='ltr'>incedens</span> <span class='ocrx_word' id='word_1_152' title='bbox 283 636 398 679; x_wconf 79' lang='lat' dir='ltr'>longius</span> <span class='ocrx_word' id='word_1_153' title='bbox 421 634 437 665; x_wconf 71' lang='grc' dir='ltr'>εὶ</span> <span class='ocrx_word' id='word_1_154' title='bbox 459 635 543 667; x_wconf 79' lang='lat' dir='ltr'>nobis</span> <span class='ocrx_word' id='word_1_155' title='bbox 563 636 684 668; x_wconf 81' lang='lat' dir='ltr'>distaret.</span> <span class='ocrx_word' id='word_1_156' title='bbox 708 637 824 668; x_wconf 79' lang='lat' dir='ltr'>Deinde</span> <span class='ocrx_word' id='word_1_157' title='bbox 838 637 922 679; x_wconf 84' lang='lat' dir='ltr'>hujus</span> <span class='ocrx_word' id='word_1_158' title='bbox 947 638 1078 668; x_wconf 78' lang='lat' dir='ltr'>Comerae</span> <span class='ocrx_word' id='word_1_159' title='bbox 1094 649 1177 681; x_wconf 82' lang='lat' dir='ltr'>caput</span> <span class='ocrx_word' id='word_1_160' title='bbox 1201 649 1305 669; x_wconf 87' lang='lat' dir='ltr'>rotun-</span> 
     </span>
     <span class='ocr_line' id='line_1_15' title="bbox 72 678 1306 722; baseline 0.002 -13"><span class='ocrx_word' id='word_1_161' title='bbox 72 678 144 710; x_wconf 88' lang='lat' dir='ltr'>dum</span> <span class='ocrx_word' id='word_1_162' title='bbox 162 680 247 711; x_wconf 85' lang='lat' dir='ltr'>instar</span> <span class='ocrx_word' id='word_1_163' title='bbox 262 682 378 711; x_wconf 83' lang='lat' dir='ltr'>Saturni</span> <span class='ocrx_word' id='word_1_164' title='bbox 402 678 496 710; x_wconf 88' lang='lat' dir='ltr'>visum</span> <span class='ocrx_word' id='word_1_165' title='bbox 519 680 557 710; x_wconf 85' lang='lat' dir='ltr'>est</span> <span class='ocrx_word' id='word_1_166' title='bbox 571 702 580 715; x_wconf 89' lang='lat'><em>,</em></span> <span class='ocrx_word' id='word_1_167' title='bbox 596 692 659 711; x_wconf 89' lang='lat' dir='ltr'>cum</span> <span class='ocrx_word' id='word_1_168' title='bbox 685 690 720 710; x_wconf 70' lang='grc' dir='ltr'>ιι</span> <span class='ocrx_word' id='word_1_169' title='bbox 750 680 861 712; x_wconf 72' lang='lat' dir='ltr'>tantum</span> <span class='ocrx_word' id='word_1_170' title='bbox 886 679 1021 722; x_wconf 78' lang='lat' dir='ltr'>gradibus</span> <span class='ocrx_word' id='word_1_171' title='bbox 1035 680 1052 710; x_wconf 72' lang='grc' dir='ltr'>ὲ</span> <span class='ocrx_word' id='word_1_172' title='bbox 1074 680 1141 711; x_wconf 85' lang='lat' dir='ltr'>Sole</span> <span class='ocrx_word' id='word_1_173' title='bbox 1162 680 1280 712; x_wconf 71' lang='lat' dir='ltr'>distaret</span> <span class='ocrx_word' id='word_1_174' title='bbox 1293 703 1306 717; x_wconf 83' lang='grc'>,</span> 
     </span>
     <span class='ocr_line' id='line_1_16' title="bbox 70 722 1306 766; baseline 0.001 -12"><span class='ocrx_word' id='word_1_175' title='bbox 70 733 176 766; x_wconf 82' lang='lat' dir='ltr'>magno</span> <span class='ocrx_word' id='word_1_176' title='bbox 194 723 261 754; x_wconf 75' lang='lat' dir='ltr'>-ssme</span> <span class='ocrx_word' id='word_1_177' title='bbox 285 723 396 754; x_wconf 75' lang='lat' dir='ltr'>indicio</span> <span class='ocrx_word' id='word_1_178' title='bbox 408 723 482 754; x_wconf 90' lang='lat' dir='ltr'>hunc</span> <span class='ocrx_word' id='word_1_179' title='bbox 500 723 656 754; x_wconf 85' lang='lat' dir='ltr'>Cometem</span> <span class='ocrx_word' id='word_1_180' title='bbox 668 722 736 754; x_wconf 87' lang='lat' dir='ltr'>sole</span> <span class='ocrx_word' id='word_1_181' title='bbox 755 723 849 754; x_wconf 75' lang='lat' dir='ltr'>multo</span> <span class='ocrx_word' id='word_1_182' title='bbox 864 724 918 754; x_wconf 81' lang='lat' dir='ltr'>effe</span> <span class='ocrx_word' id='word_1_183' title='bbox 930 722 1073 756; x_wconf 81' lang='lat' dir='ltr'>altiorem.</span> <span class='ocrx_word' id='word_1_184' title='bbox 1088 724 1135 754; x_wconf 89' lang='lat' dir='ltr'>Sic</span> <span class='ocrx_word' id='word_1_185' title='bbox 1152 727 1230 754; x_wconf 82' lang='lat' dir='ltr'>enim</span> <span class='ocrx_word' id='word_1_186' title='bbox 1249 727 1306 755; x_wconf 89' lang='lat' dir='ltr'>Ve-</span> 
     </span>
     <span class='ocr_line' id='line_1_17' title="bbox 70 765 1306 810; baseline 0.001 -14"><span class='ocrx_word' id='word_1_187' title='bbox 70 776 125 796; x_wconf 76' lang='lat' dir='ltr'>nus</span> <span class='ocrx_word' id='word_1_188' title='bbox 144 769 175 797; x_wconf 89' lang='lat' dir='ltr'>in</span> <span class='ocrx_word' id='word_1_189' title='bbox 198 777 277 810; x_wconf 82' lang='lat' dir='ltr'>parte</span> <span class='ocrx_word' id='word_1_190' title='bbox 296 766 407 797; x_wconf 77' lang='lat' dir='ltr'>summa</span> <span class='ocrx_word' id='word_1_191' title='bbox 425 765 478 796; x_wconf 83' lang='lat' dir='ltr'>suae</span> <span class='ocrx_word' id='word_1_192' title='bbox 500 766 599 797; x_wconf 75' lang='lat' dir='ltr'>orbirae</span> <span class='ocrx_word' id='word_1_193' title='bbox 617 766 736 808; x_wconf 82' lang='lat' dir='ltr'>globosa</span> <span class='ocrx_word' id='word_1_194' title='bbox 756 770 883 798; x_wconf 84' lang='lat' dir='ltr'>cernitur</span> <span class='ocrx_word' id='word_1_195' title='bbox 895 790 905 803; x_wconf 94' lang='lat'>,</span> <span class='ocrx_word' id='word_1_196' title='bbox 927 766 1006 809; x_wconf 91' lang='lat' dir='ltr'>quod</span> <span class='ocrx_word' id='word_1_197' title='bbox 1021 766 1089 798; x_wconf 87' lang='lat' dir='ltr'>Sole</span> <span class='ocrx_word' id='word_1_198' title='bbox 1112 766 1145 798; x_wconf 85' lang='lat' dir='ltr'>fir</span> <span class='ocrx_word' id='word_1_199' title='bbox 1162 766 1306 810; x_wconf 86' lang='lat' dir='ltr'>superior,</span> 
     </span>
     <span class='ocr_line' id='line_1_18' title="bbox 70 808 1309 854; baseline -0.001 -14"><span class='ocrx_word' id='word_1_200' title='bbox 70 811 103 840; x_wconf 69' lang='grc' dir='ltr'>ὅ(</span> <span class='ocrx_word' id='word_1_201' title='bbox 121 821 154 840; x_wconf 88' lang='lat' dir='ltr'>ex</span> <span class='ocrx_word' id='word_1_202' title='bbox 177 821 253 853; x_wconf 84' lang='lat' dir='ltr'>parte</span> <span class='ocrx_word' id='word_1_203' title='bbox 272 808 355 840; x_wconf 87' lang='lat' dir='ltr'>nobis</span> <span class='ocrx_word' id='word_1_204' title='bbox 376 808 528 852; x_wconf 76' lang='lat' dir='ltr'>conspicua</span> <span class='ocrx_word' id='word_1_205' title='bbox 557 809 730 841; x_wconf 79' lang='lat' dir='ltr'>illustretur:</span> <span class='ocrx_word' id='word_1_206' title='bbox 761 821 827 841; x_wconf 84' lang='lat' dir='ltr'>cum</span> <span class='ocrx_word' id='word_1_207' title='bbox 844 821 936 854; x_wconf 84' lang='lat' dir='ltr'>prope</span> <span class='ocrx_word' id='word_1_208' title='bbox 950 812 1187 853; x_wconf 58' lang='lat' dir='ltr'>conjundtionem</span> <span class='ocrx_word' id='word_1_209' title='bbox 1198 813 1230 841; x_wconf 89' lang='lat' dir='ltr'>in</span> <span class='ocrx_word' id='word_1_210' title='bbox 1242 821 1309 853; x_wconf 82' lang='lat' dir='ltr'>par.</span> 
     </span>
     <span class='ocr_line' id='line_1_19' title="bbox 70 850 734 896; baseline 0.005 -14"><span class='ocrx_word' id='word_1_211' title='bbox 70 862 99 883; x_wconf 90' lang='lat' dir='ltr'>te</span> <span class='ocrx_word' id='word_1_212' title='bbox 120 853 174 883; x_wconf 83' lang='lat' dir='ltr'>suae</span> <span class='ocrx_word' id='word_1_213' title='bbox 195 853 296 884; x_wconf 80' lang='lat' dir='ltr'>orbitae</span> <span class='ocrx_word' id='word_1_214' title='bbox 319 851 447 883; x_wconf 84' lang='lat' dir='ltr'>inferiori</span> <span class='ocrx_word' id='word_1_215' title='bbox 470 850 574 884; x_wconf 78' lang='lat' dir='ltr'>falcata</span> <span class='ocrx_word' id='word_1_216' title='bbox 592 863 734 896; x_wconf 79' lang='lat' dir='ltr'>appareat.</span> 
     </span>
    </p>

    <p class='ocr_par' dir='ltr' id='par_1_3' title="bbox 67 894 1308 1111">
     <span class='ocr_line' id='line_1_20' title="bbox 107 894 1307 938; baseline 0.001 -11"><span class='ocrx_word' id='word_1_217' title='bbox 107 898 216 929; x_wconf 87' lang='lat' dir='ltr'>vl11.</span> <span class='ocrx_word' id='word_1_218' title='bbox 241 897 327 927; x_wconf 81' lang='lat' dir='ltr'>Circa</span> <span class='ocrx_word' id='word_1_219' title='bbox 348 909 364 935; x_wconf 90' lang='lat'><em>9</em></span> <span class='ocrx_word' id='word_1_220' title='bbox 387 894 531 926; x_wconf 79' lang='lat' dir='ltr'>Februarii</span> <span class='ocrx_word' id='word_1_221' title='bbox 553 907 637 938; x_wconf 84' lang='lat' dir='ltr'>caput</span> <span class='ocrx_word' id='word_1_222' title='bbox 655 907 711 938; x_wconf 82' lang='lat' dir='ltr'>prae</span> <span class='ocrx_word' id='word_1_223' title='bbox 739 898 892 938; x_wconf 79' lang='lat' dir='ltr'>exiguitate</span> <span class='ocrx_word' id='word_1_224' title='bbox 913 897 999 929; x_wconf 82' lang='lat' dir='ltr'>nudis</span> <span class='ocrx_word' id='word_1_225' title='bbox 1017 895 1111 928; x_wconf 81' lang='lat' dir='ltr'>oculis</span> <span class='ocrx_word' id='word_1_226' title='bbox 1132 897 1224 929; x_wconf 86' lang='lat' dir='ltr'>videri</span> <span class='ocrx_word' id='word_1_227' title='bbox 1247 909 1307 928; x_wconf 87' lang='lat' dir='ltr'>non</span> 
     </span>
     <span class='ocr_line' id='line_1_21' title="bbox 74 938 1308 982; baseline 0.002 -13"><span class='ocrx_word' id='word_1_228' title='bbox 74 943 165 982; x_wconf 88' lang='lat' dir='ltr'>potuit</span> <span class='ocrx_word' id='word_1_229' title='bbox 179 962 187 975; x_wconf 91' lang='lat'>‚</span> <span class='ocrx_word' id='word_1_230' title='bbox 204 939 252 970; x_wconf 89' lang='lat' dir='ltr'>sed</span> <span class='ocrx_word' id='word_1_231' title='bbox 271 939 362 970; x_wconf 79' lang='lat' dir='ltr'>cauda</span> <span class='ocrx_word' id='word_1_232' title='bbox 379 938 471 969; x_wconf 81' lang='lat' dir='ltr'>adhuc</span> <span class='ocrx_word' id='word_1_233' title='bbox 489 938 538 969; x_wconf 91' lang='lat' dir='ltr'>sub</span> <span class='ocrx_word' id='word_1_234' title='bbox 555 938 690 970; x_wconf 87' lang='lat' dir='ltr'>obrutum</span> <span class='ocrx_word' id='word_1_235' title='bbox 709 939 841 970; x_wconf 83' lang='lat' dir='ltr'>veniebat</span> <span class='ocrx_word' id='word_1_236' title='bbox 861 953 868 971; x_wconf 85' lang='lat'>:</span> <span class='ocrx_word' id='word_1_237' title='bbox 892 941 961 972; x_wconf 88' lang='lat' dir='ltr'>rubo</span> <span class='ocrx_word' id='word_1_238' title='bbox 979 942 1079 982; x_wconf 86' lang='lat' dir='ltr'>optico</span> <span class='ocrx_word' id='word_1_239' title='bbox 1097 950 1116 976; x_wconf 83' lang='lat'>4</span> <span class='ocrx_word' id='word_1_240' title='bbox 1130 940 1237 982; x_wconf 85' lang='lat' dir='ltr'>pedum</span> <span class='ocrx_word' id='word_1_241' title='bbox 1259 952 1308 971; x_wconf 80' lang='lat' dir='ltr'>ca·</span> 
     </span>
     <span class='ocr_line' id='line_1_22' title="bbox 67 980 1308 1026; baseline 0.002 -14"><span class='ocrx_word' id='word_1_242' title='bbox 67 993 122 1026; x_wconf 71' lang='lat' dir='ltr'>pur</span> <span class='ocrx_word' id='word_1_243' title='bbox 134 983 209 1024; x_wconf 76' lang='lat' dir='ltr'>jove</span> <span class='ocrx_word' id='word_1_244' title='bbox 231 984 292 1025; x_wconf 90' lang='lat' dir='ltr'>ipso</span> <span class='ocrx_word' id='word_1_245' title='bbox 314 985 405 1022; x_wconf 87' lang='lat' dir='ltr'>majus</span> <span class='ocrx_word' id='word_1_246' title='bbox 421 980 590 1024; x_wconf 56' lang='lat' dir='ltr'>apparebam</span> <span class='ocrx_word' id='word_1_247' title='bbox 611 982 764 1024; x_wconf 85' lang='lat' dir='ltr'>telescopio</span> <span class='ocrx_word' id='word_1_248' title='bbox 779 992 874 1013; x_wconf 80' lang='lat' dir='ltr'>autem</span> <span class='ocrx_word' id='word_1_249' title='bbox 896 983 1025 1026; x_wconf 83' lang='lat' dir='ltr'>longiori</span> <span class='ocrx_word' id='word_1_250' title='bbox 1045 993 1081 1012; x_wconf 84' lang='lat'>20</span> <span class='ocrx_word' id='word_1_251' title='bbox 1102 983 1209 1025; x_wconf 86' lang='lat' dir='ltr'>pedum</span> <span class='ocrx_word' id='word_1_252' title='bbox 1226 983 1308 1014; x_wconf 83' lang='lat' dir='ltr'>vide-</span> 
     </span>
     <span class='ocr_line' id='line_1_23' title="bbox 74 1023 1308 1068; baseline 0.002 -13"><span class='ocrx_word' id='word_1_253' title='bbox 74 1028 99 1055; x_wconf 93' lang='lat' dir='ltr'>ri</span> <span class='ocrx_word' id='word_1_254' title='bbox 119 1036 177 1055; x_wconf 88' lang='lat' dir='ltr'>non</span> <span class='ocrx_word' id='word_1_255' title='bbox 198 1036 324 1068; x_wconf 83' lang='lat' dir='ltr'>poterat,</span> <span class='ocrx_word' id='word_1_256' title='bbox 349 1023 430 1067; x_wconf 88' lang='lat' dir='ltr'>quod</span> <span class='ocrx_word' id='word_1_257' title='bbox 455 1025 600 1067; x_wconf 82' lang='lat' dir='ltr'>longiores</span> <span class='ocrx_word' id='word_1_258' title='bbox 618 1024 680 1056; x_wconf 89' lang='lat' dir='ltr'>tubi</span> <span class='ocrx_word' id='word_1_259' title='bbox 705 1023 802 1056; x_wconf 82' lang='lat' dir='ltr'>lumen</span> <span class='ocrx_word' id='word_1_260' title='bbox 826 1027 919 1068; x_wconf 84' lang='lat' dir='ltr'>ipsum</span> <span class='ocrx_word' id='word_1_261' title='bbox 940 1024 1114 1060; x_wconf 80' lang='lat' dir='ltr'>debilitent,</span> <span class='ocrx_word' id='word_1_262' title='bbox 1135 1025 1206 1058; x_wconf 87' lang='lat' dir='ltr'>dum</span> <span class='ocrx_word' id='word_1_263' title='bbox 1231 1026 1308 1058; x_wconf 80' lang='lat' dir='ltr'>illud</span> 
     </span>
     <span class='ocr_line' id='line_1_24' title="bbox 70 1066 219 1111; baseline 0 -13"><span class='ocrx_word' id='word_1_264' title='bbox 70 1066 219 1111; x_wconf 80' lang='lat' dir='ltr'>spargunt.</span> 
     </span>
    </p>

    <p class='ocr_par' dir='ltr' id='par_1_4' title="bbox 72 1110 1308 1326">
     <span class='ocr_line' id='line_1_25' title="bbox 116 1110 1305 1155; baseline 0.002 -14"><span class='ocrx_word' id='word_1_265' title='bbox 116 1114 182 1142; x_wconf 85' lang='lat' dir='ltr'>lx.</span> <span class='ocrx_word' id='word_1_266' title='bbox 218 1112 265 1141; x_wconf 88' lang='lat' dir='ltr'>De</span> <span class='ocrx_word' id='word_1_267' title='bbox 280 1110 368 1142; x_wconf 73' lang='lat' dir='ltr'>cauda</span> <span class='ocrx_word' id='word_1_268' title='bbox 388 1114 436 1142; x_wconf 85' lang='lat' dir='ltr'>vix</span> <span class='ocrx_word' id='word_1_269' title='bbox 461 1114 615 1155; x_wconf 79' lang='lat' dir='ltr'>quicquam</span> <span class='ocrx_word' id='word_1_270' title='bbox 638 1114 707 1142; x_wconf 89' lang='lat' dir='ltr'>certi</span> <span class='ocrx_word' id='word_1_271' title='bbox 728 1111 860 1141; x_wconf 83' lang='lat' dir='ltr'>constitui</span> <span class='ocrx_word' id='word_1_272' title='bbox 884 1110 994 1153; x_wconf 84' lang='lat' dir='ltr'>porest‚</span> <span class='ocrx_word' id='word_1_273' title='bbox 1017 1122 1048 1141; x_wconf 85' lang='lat' dir='ltr'>ac</span> <span class='ocrx_word' id='word_1_274' title='bbox 1069 1111 1174 1142; x_wconf 71' lang='lat' dir='ltr'>merito</span> <span class='ocrx_word' id='word_1_275' title='bbox 1191 1111 1305 1143; x_wconf 83' lang='lat' dir='ltr'>dubita-</span> 
     </span>
     <span class='ocr_line' id='line_1_26' title="bbox 73 1153 1307 1197; baseline 0 -11"><span class='ocrx_word' id='word_1_276' title='bbox 73 1165 120 1186; x_wconf 85' lang='lat' dir='ltr'>tut</span> <span class='ocrx_word' id='word_1_277' title='bbox 134 1177 143 1190; x_wconf 86' lang='lat'>,</span> <span class='ocrx_word' id='word_1_278' title='bbox 163 1167 197 1185; x_wconf 82' lang='lat' dir='ltr'>an</span> <span class='ocrx_word' id='word_1_279' title='bbox 221 1154 253 1186; x_wconf 83' lang='lat' dir='ltr'>sit</span> <span class='ocrx_word' id='word_1_280' title='bbox 272 1153 421 1185; x_wconf 75' lang='lat' dir='ltr'>effluvium</span> <span class='ocrx_word' id='word_1_281' title='bbox 440 1154 586 1197; x_wconf 81' lang='lat' dir='ltr'>quoddam</span> <span class='ocrx_word' id='word_1_282' title='bbox 609 1155 625 1184; x_wconf 74' lang='grc' dir='ltr'>ὲ</span> <span class='ocrx_word' id='word_1_283' title='bbox 647 1158 737 1197; x_wconf 79' lang='lat' dir='ltr'>capite</span> <span class='ocrx_word' id='word_1_284' title='bbox 762 1153 929 1188; x_wconf 74' lang='lat' dir='ltr'>dimanans,</span> <span class='ocrx_word' id='word_1_285' title='bbox 954 1165 988 1184; x_wconf 79' lang='lat' dir='ltr'>an</span> <span class='ocrx_word' id='word_1_286' title='bbox 1008 1156 1104 1197; x_wconf 82' lang='lat' dir='ltr'>potius</span> <span class='ocrx_word' id='word_1_287' title='bbox 1123 1155 1254 1196; x_wconf 71' lang='lat' dir='ltr'>qua-dam</span> <span class='ocrx_word' id='word_1_288' title='bbox 1273 1155 1307 1186; x_wconf 85' lang='lat' dir='ltr'>fit</span> 
     </span>
     <span class='ocr_line' id='line_1_27' title="bbox 72 1195 1308 1241; baseline -0.002 -13"><span class='ocrx_word' id='word_1_289' title='bbox 72 1200 102 1228; x_wconf 90' lang='lat' dir='ltr'>in</span> <span class='ocrx_word' id='word_1_290' title='bbox 120 1210 150 1228; x_wconf 83' lang='lat' dir='ltr'>ea</span> <span class='ocrx_word' id='word_1_291' title='bbox 173 1199 284 1229; x_wconf 80' lang='lat' dir='ltr'>aethcris</span> <span class='ocrx_word' id='word_1_292' title='bbox 324 1208 381 1228; x_wconf 83' lang='lat' dir='ltr'>atre</span> <span class='ocrx_word' id='word_1_293' title='bbox 393 1197 483 1241; x_wconf 73' lang='lat' dir='ltr'>sparsa</span> <span class='ocrx_word' id='word_1_294' title='bbox 510 1201 627 1229; x_wconf 74' lang='lat' dir='ltr'>materia</span> <span class='ocrx_word' id='word_1_295' title='bbox 645 1208 707 1240; x_wconf 79' lang='lat' dir='ltr'>quac</span> <span class='ocrx_word' id='word_1_296' title='bbox 733 1195 837 1227; x_wconf 66' lang='lat' dir='ltr'>fractos</span> <span class='ocrx_word' id='word_1_297' title='bbox 847 1199 876 1226; x_wconf 86' lang='lat' dir='ltr'>in</span> <span class='ocrx_word' id='word_1_298' title='bbox 899 1197 1088 1240; x_wconf 78' lang='lat' dir='ltr'>atmosphaera</span> <span class='ocrx_word' id='word_1_299' title='bbox 1106 1198 1202 1228; x_wconf 84' lang='lat' dir='ltr'>radios</span> <span class='ocrx_word' id='word_1_300' title='bbox 1223 1198 1308 1228; x_wconf 68' lang='lat' dir='ltr'>Sola-</span> 
     </span>
     <span class='ocr_line' id='line_1_28' title="bbox 74 1210 1305 1287; baseline -0.001 -15"><span class='ocrx_word' id='word_1_301' title='bbox 74 1252 118 1272; x_wconf 89' lang='lat' dir='ltr'>res</span> <span class='ocrx_word' id='word_1_302' title='bbox 146 1241 181 1272; x_wconf 82' lang='lat' dir='ltr'>ad</span> <span class='ocrx_word' id='word_1_303' title='bbox 205 1252 258 1271; x_wconf 85' lang='lat' dir='ltr'>nos</span> <span class='ocrx_word' id='word_1_304' title='bbox 275 1210 361 1283; x_wconf 50' lang='lat' dir='ltr'>ulgue</span> <span class='ocrx_word' id='word_1_305' title='bbox 379 1251 504 1287; x_wconf 65' lang='lat' dir='ltr'>regerat,</span> <span class='ocrx_word' id='word_1_306' title='bbox 529 1240 586 1272; x_wconf 85' lang='lat' dir='ltr'>fere</span> <span class='ocrx_word' id='word_1_307' title='bbox 608 1251 638 1271; x_wconf 89' lang='lat' dir='ltr'>ut</span> <span class='ocrx_word' id='word_1_308' title='bbox 663 1238 788 1284; x_wconf 83' lang='lat' dir='ltr'>prolixas</span> <span class='ocrx_word' id='word_1_309' title='bbox 804 1240 948 1271; x_wconf 85' lang='lat' dir='ltr'>interdum</span> <span class='ocrx_word' id='word_1_310' title='bbox 965 1239 1065 1271; x_wconf 73' lang='lat' dir='ltr'>caudas</span> <span class='ocrx_word' id='word_1_311' title='bbox 1080 1243 1110 1271; x_wconf 91' lang='lat' dir='ltr'>in</span> <span class='ocrx_word' id='word_1_312' title='bbox 1126 1240 1244 1272; x_wconf 84' lang='lat' dir='ltr'>turbido</span> <span class='ocrx_word' id='word_1_313' title='bbox 1257 1245 1305 1271; x_wconf 66' lang='grc' dir='ltr'>αέ-</span> 
     </span>
     <span class='ocr_line' id='line_1_29' title="bbox 74 1284 518 1326; baseline -0.005 -11"><span class='ocrx_word' id='word_1_314' title='bbox 74 1295 103 1315; x_wconf 86' lang='lat' dir='ltr'>re</span> <span class='ocrx_word' id='word_1_315' title='bbox 128 1284 200 1315; x_wconf 81' lang='lat' dir='ltr'>radii</span> <span class='ocrx_word' id='word_1_316' title='bbox 221 1288 345 1315; x_wconf 84' lang='lat' dir='ltr'>Lunares</span> <span class='ocrx_word' id='word_1_317' title='bbox 369 1284 518 1326; x_wconf 80' lang='lat' dir='ltr'>effingunt.</span> 
     </span>
    </p>

    <p class='ocr_par' dir='ltr' id='par_1_5' title="bbox 73 1326 1306 1444">
     <span class='ocr_line' id='line_1_30' title="bbox 117 1326 1304 1369; baseline -0.002 -11"><span class='ocrx_word' id='word_1_318' title='bbox 117 1330 157 1358; x_wconf 88' lang='lat' dir='ltr'>X.</span> <span class='ocrx_word' id='word_1_319' title='bbox 180 1326 415 1358; x_wconf 74' lang='lat' dir='ltr'>Differtationem</span> <span class='ocrx_word' id='word_1_320' title='bbox 430 1337 545 1369; x_wconf 88' lang='lat' dir='ltr'>quoque</span> <span class='ocrx_word' id='word_1_321' title='bbox 556 1326 591 1357; x_wconf 88' lang='lat' dir='ltr'>de</span> <span class='ocrx_word' id='word_1_322' title='bbox 611 1337 710 1357; x_wconf 83' lang='lat' dir='ltr'>natura</span> <span class='ocrx_word' id='word_1_323' title='bbox 729 1326 918 1357; x_wconf 82' lang='lat' dir='ltr'>Cometarum</span> <span class='ocrx_word' id='word_1_324' title='bbox 937 1335 998 1355; x_wconf 88' lang='lat' dir='ltr'>turn</span> <span class='ocrx_word' id='word_1_325' title='bbox 1012 1329 1150 1369; x_wconf 79' lang='lat' dir='ltr'>temporis</span> <span class='ocrx_word' id='word_1_326' title='bbox 1161 1326 1304 1368; x_wconf 78' lang='lat' dir='ltr'>conscrip-</span> 
     </span>
     <span class='ocr_line' id='line_1_31' title="bbox 73 1368 1306 1412; baseline -0.003 -10"><span class='ocrx_word' id='word_1_327' title='bbox 73 1371 110 1402; x_wconf 78' lang='lat' dir='ltr'>fit</span> <span class='ocrx_word' id='word_1_328' title='bbox 135 1372 177 1401; x_wconf 88' lang='lat' dir='ltr'>D.</span> <span class='ocrx_word' id='word_1_329' title='bbox 203 1372 335 1412; x_wconf 83' lang='lat' dir='ltr'>Hugens.</span> <span class='ocrx_word' id='word_1_330' title='bbox 357 1371 391 1399; x_wconf 88' lang='lat' dir='ltr'>In</span> <span class='ocrx_word' id='word_1_331' title='bbox 411 1369 514 1400; x_wconf 85' lang='lat' dir='ltr'>eodem</span> <span class='ocrx_word' id='word_1_332' title='bbox 536 1381 705 1412; x_wconf 84' lang='lat' dir='ltr'>argumento</span> <span class='ocrx_word' id='word_1_333' title='bbox 724 1370 848 1400; x_wconf 77' lang='lat' dir='ltr'>versatus</span> <span class='ocrx_word' id='word_1_334' title='bbox 868 1368 905 1398; x_wconf 77' lang='lat' dir='ltr'>tst</span> <span class='ocrx_word' id='word_1_335' title='bbox 929 1369 970 1399; x_wconf 80' lang='lat' dir='ltr'>D.</span> <span class='ocrx_word' id='word_1_336' title='bbox 990 1370 1090 1401; x_wconf 75' lang='lat' dir='ltr'>Picard</span> <span class='ocrx_word' id='word_1_337' title='bbox 1110 1373 1159 1412; x_wconf 89' lang='lat' dir='ltr'>qui</span> <span class='ocrx_word' id='word_1_338' title='bbox 1184 1373 1214 1401; x_wconf 65' lang='grc' dir='ltr'>δέ</span> <span class='ocrx_word' id='word_1_339' title='bbox 1232 1371 1306 1399; x_wconf 87' lang='lat' dir='ltr'>hunc</span> 
     </span>
     <span class='ocr_line' id='line_1_32' title="bbox 76 1411 545 1444; baseline -0.004 0"><span class='ocrx_word' id='word_1_340' title='bbox 76 1415 232 1444; x_wconf 86' lang='lat' dir='ltr'>Cometem</span> <span class='ocrx_word' id='word_1_341' title='bbox 258 1411 356 1443; x_wconf 68' lang='lat' dir='ltr'>sedulo</span> <span class='ocrx_word' id='word_1_342' title='bbox 372 1412 545 1444; x_wconf 82' lang='lat' dir='ltr'>observavit.</span> 
     </span>
    </p>

    <p class='ocr_par' dir='ltr' id='par_1_6' title="bbox 78 1452 1309 1798">
     <span class='ocr_line' id='line_1_33' title="bbox 128 1452 1307 1498; baseline -0.001 -11"><span class='ocrx_word' id='word_1_343' title='bbox 128 1459 194 1487; x_wconf 92' lang='lat' dir='ltr'>XI.</span> <span class='ocrx_word' id='word_1_344' title='bbox 223 1456 301 1487; x_wconf 89' lang='lat' dir='ltr'>Cum</span> <span class='ocrx_word' id='word_1_345' title='bbox 325 1455 427 1486; x_wconf 89' lang='lat' dir='ltr'>Mense</span> <span class='ocrx_word' id='word_1_346' title='bbox 449 1455 540 1497; x_wconf 87' lang='lat' dir='ltr'>Junio</span> <span class='ocrx_word' id='word_1_347' title='bbox 564 1458 678 1485; x_wconf 83' lang='lat' dir='ltr'>incunte</span> <span class='ocrx_word' id='word_1_348' title='bbox 700 1459 799 1487; x_wconf 83' lang='lat' dir='ltr'>Venus</span> <span class='ocrx_word' id='word_1_349' title='bbox 821 1452 942 1484; x_wconf 68' lang='lat' dir='ltr'>eundem</span> <span class='ocrx_word' id='word_1_350' title='bbox 964 1465 1030 1484; x_wconf 86' lang='lat' dir='ltr'>cum</span> <span class='ocrx_word' id='word_1_351' title='bbox 1052 1455 1119 1485; x_wconf 85' lang='lat' dir='ltr'>Sole</span> <span class='ocrx_word' id='word_1_352' title='bbox 1138 1454 1307 1498; x_wconf 76' lang='lat' dir='ltr'>parallelum</span> 
     </span>
     <span class='ocr_line' id='line_1_34' title="bbox 79 1497 1308 1544; baseline -0.006 -13"><span class='ocrx_word' id='word_1_353' title='bbox 79 1498 279 1544; x_wconf 74' lang='lat' dir='ltr'>pertransiret,</span> <span class='ocrx_word' id='word_1_354' title='bbox 299 1500 340 1529; x_wconf 88' lang='lat' dir='ltr'>D.</span> <span class='ocrx_word' id='word_1_355' title='bbox 355 1500 397 1528; x_wconf 92' lang='lat' dir='ltr'>D.</span> <span class='ocrx_word' id='word_1_356' title='bbox 419 1497 529 1529; x_wconf 79' lang='lat' dir='ltr'>Caffini</span> <span class='ocrx_word' id='word_1_357' title='bbox 552 1501 581 1528; x_wconf 74' lang='grc' dir='ltr'>ὅ(</span> <span class='ocrx_word' id='word_1_358' title='bbox 602 1498 702 1529; x_wconf 83' lang='lat' dir='ltr'>Picard</span> <span class='ocrx_word' id='word_1_359' title='bbox 726 1509 776 1542; x_wconf 86' lang='lat' dir='ltr'>per</span> <span class='ocrx_word' id='word_1_360' title='bbox 800 1502 939 1539; x_wconf 75' lang='lat' dir='ltr'>integram</span> <span class='ocrx_word' id='word_1_361' title='bbox 968 1497 1180 1529; x_wconf 58' lang='lat' dir='ltr'>hebdomidm</span> <span class='ocrx_word' id='word_1_362' title='bbox 1203 1498 1308 1541; x_wconf 50' lang='lat' dir='ltr'>supara-</span> 
     </span>
     <span class='ocr_line' id='line_1_35' title="bbox 79 1539 1309 1583; baseline -0.002 -9"><span class='ocrx_word' id='word_1_363' title='bbox 79 1547 132 1574; x_wconf 86' lang='lat' dir='ltr'>tim</span> <span class='ocrx_word' id='word_1_364' title='bbox 155 1554 218 1574; x_wconf 84' lang='lat' dir='ltr'>eam</span> <span class='ocrx_word' id='word_1_365' title='bbox 241 1541 447 1581; x_wconf 83' lang='lat' dir='ltr'>observarunt,</span> <span class='ocrx_word' id='word_1_366' title='bbox 469 1541 488 1572; x_wconf 87' lang='lat' dir='ltr'>fi</span> <span class='ocrx_word' id='word_1_367' title='bbox 513 1540 588 1572; x_wconf 71' lang='lat' dir='ltr'>forte</span> <span class='ocrx_word' id='word_1_368' title='bbox 611 1553 641 1571; x_wconf 77' lang='lat' dir='ltr'>ea</span> <span class='ocrx_word' id='word_1_369' title='bbox 666 1545 773 1572; x_wconf 80' lang='lat' dir='ltr'>rarione</span> <span class='ocrx_word' id='word_1_370' title='bbox 799 1544 859 1581; x_wconf 85' lang='lat' dir='ltr'>ejus</span> <span class='ocrx_word' id='word_1_371' title='bbox 879 1539 1046 1583; x_wconf 68' lang='lat' dir='ltr'>parallaxim</span> <span class='ocrx_word' id='word_1_372' title='bbox 1062 1545 1090 1571; x_wconf 62' lang='grc' dir='ltr'>δέ</span> <span class='ocrx_word' id='word_1_373' title='bbox 1113 1541 1273 1572; x_wconf 63' lang='lat' dir='ltr'>distantiam</span> <span class='ocrx_word' id='word_1_374' title='bbox 1291 1541 1309 1571; x_wconf 72' lang='grc' dir='ltr'>ὲ</span> 
     </span>
     <span class='ocr_line' id='line_1_36' title="bbox 78 1583 1308 1628; baseline -0.002 -11"><span class='ocrx_word' id='word_1_375' title='bbox 78 1597 153 1618; x_wconf 80' lang='lat' dir='ltr'>terra</span> <span class='ocrx_word' id='word_1_376' title='bbox 176 1588 348 1617; x_wconf 85' lang='lat' dir='ltr'>invenirent.</span> <span class='ocrx_word' id='word_1_377' title='bbox 364 1584 517 1628; x_wconf 83' lang='lat' dir='ltr'>Utriusque</span> <span class='ocrx_word' id='word_1_378' title='bbox 535 1583 746 1615; x_wconf 82' lang='lat' dir='ltr'>observationes</span> <span class='ocrx_word' id='word_1_379' title='bbox 765 1585 828 1627; x_wconf 69' lang='lat' dir='ltr'>apte</span> <span class='ocrx_word' id='word_1_380' title='bbox 851 1586 923 1614; x_wconf 86' lang='lat' dir='ltr'>inter</span> <span class='ocrx_word' id='word_1_381' title='bbox 938 1583 962 1612; x_wconf 83' lang='lat' dir='ltr'>sc</span> <span class='ocrx_word' id='word_1_382' title='bbox 980 1594 1186 1615; x_wconf 84' lang='lat' dir='ltr'>convenerunt.</span> <span class='ocrx_word' id='word_1_383' title='bbox 1209 1587 1308 1615; x_wconf 83' lang='lat' dir='ltr'>Venus</span> 
     </span>
     <span class='ocr_line' id='line_1_37' title="bbox 78 1625 1307 1663; baseline -0.001 -3"><span class='ocrx_word' id='word_1_384' title='bbox 78 1641 116 1661; x_wconf 85' lang='lat' dir='ltr'>eo</span> <span class='ocrx_word' id='word_1_385' title='bbox 137 1633 167 1661; x_wconf 89' lang='lat' dir='ltr'>in</span> <span class='ocrx_word' id='word_1_386' title='bbox 186 1628 252 1660; x_wconf 87' lang='lat' dir='ltr'>loco</span> <span class='ocrx_word' id='word_1_387' title='bbox 268 1639 346 1659; x_wconf 84' lang='lat' dir='ltr'>terrae</span> <span class='ocrx_word' id='word_1_388' title='bbox 368 1630 488 1658; x_wconf 89' lang='lat' dir='ltr'>vicinior</span> <span class='ocrx_word' id='word_1_389' title='bbox 511 1639 568 1658; x_wconf 86' lang='lat' dir='ltr'>erar</span> <span class='ocrx_word' id='word_1_390' title='bbox 589 1626 696 1658; x_wconf 81' lang='lat' dir='ltr'>duabus</span> <span class='ocrx_word' id='word_1_391' title='bbox 721 1630 811 1658; x_wconf 86' lang='lat' dir='ltr'>tertiis</span> <span class='ocrx_word' id='word_1_392' title='bbox 833 1626 970 1656; x_wconf 68' lang='lat' dir='ltr'>distanti-‘r</span> <span class='ocrx_word' id='word_1_393' title='bbox 988 1625 1063 1656; x_wconf 84' lang='lat' dir='ltr'>Solis</span> <span class='ocrx_word' id='word_1_394' title='bbox 1086 1627 1102 1656; x_wconf 75' lang='grc' dir='ltr'>ὲ</span> <span class='ocrx_word' id='word_1_395' title='bbox 1126 1638 1218 1663; x_wconf 74' lang='lat' dir='ltr'>terra3</span> <span class='ocrx_word' id='word_1_396' title='bbox 1242 1629 1307 1659; x_wconf 80' lang='lat' dir='ltr'>hinc</span> 
     </span>
     <span class='ocr_line' id='line_1_38' title="bbox 79 1668 1308 1715; baseline -0.002 -12"><span class='ocrx_word' id='word_1_397' title='bbox 79 1673 152 1704; x_wconf 79' lang='lat' dir='ltr'>adeo</span> <span class='ocrx_word' id='word_1_398' title='bbox 175 1671 315 1714; x_wconf 70' lang='lat' dir='ltr'>quantum</span> <span class='ocrx_word' id='word_1_399' title='bbox 338 1671 388 1703; x_wconf 87' lang='lat' dir='ltr'>Sol</span> <span class='ocrx_word' id='word_1_400' title='bbox 405 1671 420 1700; x_wconf 70' lang='lat'>21</span> <span class='ocrx_word' id='word_1_401' title='bbox 443 1670 528 1702; x_wconf 86' lang='lat' dir='ltr'>nobis</span> <span class='ocrx_word' id='word_1_402' title='bbox 544 1682 723 1702; x_wconf 80' lang='lat' dir='ltr'>removeatur</span> <span class='ocrx_word' id='word_1_403' title='bbox 739 1670 803 1702; x_wconf 78' lang='lat' dir='ltr'>satis</span> <span class='ocrx_word' id='word_1_404' title='bbox 824 1669 954 1700; x_wconf 69' lang='lat' dir='ltr'>accurate</span> <span class='ocrx_word' id='word_1_405' title='bbox 974 1668 1103 1712; x_wconf 84' lang='lat' dir='ltr'>dignosci</span> <span class='ocrx_word' id='word_1_406' title='bbox 1119 1674 1223 1715; x_wconf 86' lang='lat' dir='ltr'>potuit.</span> <span class='ocrx_word' id='word_1_407' title='bbox 1240 1673 1308 1701; x_wconf 87' lang='lat' dir='ltr'>Hoc</span> 
     </span>
     <span class='ocr_line' id='line_1_39' title="bbox 82 1713 1309 1754; baseline -0.001 -9"><span class='ocrx_word' id='word_1_408' title='bbox 82 1715 264 1747; x_wconf 81' lang='lat' dir='ltr'>intervallum</span> <span class='ocrx_word' id='word_1_409' title='bbox 286 1726 382 1745; x_wconf 83' lang='lat'>22000</span> <span class='ocrx_word' id='word_1_410' title='bbox 406 1714 552 1745; x_wconf 77' lang='lat' dir='ltr'>stmidiam</span> <span class='ocrx_word' id='word_1_411' title='bbox 576 1725 675 1749; x_wconf 83' lang='lat' dir='ltr'>tetrae,</span> <span class='ocrx_word' id='word_1_412' title='bbox 699 1715 753 1744; x_wconf 88' lang='lat' dir='ltr'>hoc</span> <span class='ocrx_word' id='word_1_413' title='bbox 772 1714 832 1749; x_wconf 84' lang='lat' dir='ltr'>est,</span> <span class='ocrx_word' id='word_1_414' title='bbox 855 1719 1004 1754; x_wconf 76' lang='lat'><em>3600000</em></span> <span class='ocrx_word' id='word_1_415' title='bbox 1031 1713 1173 1745; x_wconf 79' lang='lat' dir='ltr'>leucarum</span> <span class='ocrx_word' id='word_1_416' title='bbox 1197 1717 1309 1745; x_wconf 74' lang='lat' dir='ltr'>invenit</span> 
     </span>
     <span class='ocr_line' id='line_1_40' title="bbox 86 1754 808 1798; baseline 0.001 -10"><span class='ocrx_word' id='word_1_417' title='bbox 86 1759 127 1790; x_wconf 87' lang='lat' dir='ltr'>D.</span> <span class='ocrx_word' id='word_1_418' title='bbox 151 1757 276 1798; x_wconf 76' lang='lat' dir='ltr'>Caffini,</span> <span class='ocrx_word' id='word_1_419' title='bbox 303 1758 360 1788; x_wconf 82' lang='lat' dir='ltr'>fere</span> <span class='ocrx_word' id='word_1_420' title='bbox 382 1769 412 1789; x_wconf 85' lang='lat' dir='ltr'>ur</span> <span class='ocrx_word' id='word_1_421' title='bbox 437 1754 517 1789; x_wconf 50' lang='lat' dir='ltr'>antei</span> <span class='ocrx_word' id='word_1_422' title='bbox 541 1756 683 1788; x_wconf 84' lang='lat' dir='ltr'>dimensus</span> <span class='ocrx_word' id='word_1_423' title='bbox 708 1757 808 1789; x_wconf 74' lang='lat' dir='ltr'>fuerat.</span> 
     </span>
    </p>

    <p class='ocr_par' dir='ltr' id='par_1_7' title="bbox 83 1798 1311 2018">
     <span class='ocr_line' id='line_1_41' title="bbox 129 1798 1307 1842; baseline -0.003 -10"><span class='ocrx_word' id='word_1_424' title='bbox 129 1803 216 1834; x_wconf 84' lang='lat' dir='ltr'>X11.</span> <span class='ocrx_word' id='word_1_425' title='bbox 246 1802 460 1842; x_wconf 69' lang='lat' dir='ltr'>AEquinochum</span> <span class='ocrx_word' id='word_1_426' title='bbox 483 1811 636 1842; x_wconf 85' lang='lat' dir='ltr'>utrumque</span> <span class='ocrx_word' id='word_1_427' title='bbox 663 1798 836 1831; x_wconf 76' lang='lat' dir='ltr'>Autumnale</span> <span class='ocrx_word' id='word_1_428' title='bbox 863 1802 893 1830; x_wconf 88' lang='lat'>&amp;</span> <span class='ocrx_word' id='word_1_429' title='bbox 921 1798 1045 1830; x_wconf 76' lang='lat' dir='ltr'>Vernale</span> <span class='ocrx_word' id='word_1_430' title='bbox 1061 1822 1071 1835; x_wconf 90' lang='lat'>‚</span> <span class='ocrx_word' id='word_1_431' title='bbox 1092 1799 1212 1830; x_wconf 77' lang='lat' dir='ltr'>aestivale</span> <span class='ocrx_word' id='word_1_432' title='bbox 1238 1802 1307 1830; x_wconf 73' lang='lat' dir='ltr'>ium</span> 
     </span>
     <span class='ocr_line' id='line_1_42' title="bbox 86 1841 1311 1887; baseline -0.002 -13"><span class='ocrx_word' id='word_1_433' title='bbox 86 1843 237 1875; x_wconf 77' lang='lat' dir='ltr'>solstitium</span> <span class='ocrx_word' id='word_1_434' title='bbox 253 1847 282 1874; x_wconf 72' lang='grc' dir='ltr'>δι</span> <span class='ocrx_word' id='word_1_435' title='bbox 302 1843 426 1887; x_wconf 78' lang='lat' dir='ltr'>eclipsim</span> <span class='ocrx_word' id='word_1_436' title='bbox 448 1847 536 1875; x_wconf 69' lang='lat' dir='ltr'>Lunx</span> <span class='ocrx_word' id='word_1_437' title='bbox 554 1855 616 1886; x_wconf 83' lang='lat' dir='ltr'>quae</span> <span class='ocrx_word' id='word_1_438' title='bbox 639 1843 684 1874; x_wconf 90' lang='lat' dir='ltr'>dic</span> <span class='ocrx_word' id='word_1_439' title='bbox 702 1855 738 1882; x_wconf 81' lang='lat'>27</span> <span class='ocrx_word' id='word_1_440' title='bbox 754 1843 871 1886; x_wconf 83' lang='lat' dir='ltr'>Augusti</span> <span class='ocrx_word' id='word_1_441' title='bbox 893 1846 1033 1887; x_wconf 77' lang='lat' dir='ltr'>contigit,</span> <span class='ocrx_word' id='word_1_442' title='bbox 1051 1842 1210 1873; x_wconf 77' lang='lat' dir='ltr'>obstrvavir</span> <span class='ocrx_word' id='word_1_443' title='bbox 1225 1866 1233 1877; x_wconf 89' lang='lat'><em>,</em></span> <span class='ocrx_word' id='word_1_444' title='bbox 1250 1841 1311 1872; x_wconf 84' lang='lat' dir='ltr'>col-</span> 
     </span>
     <span class='ocr_line' id='line_1_43' title="bbox 83 1886 1310 1930; baseline -0.002 -13"><span class='ocrx_word' id='word_1_445' title='bbox 83 1886 149 1918; x_wconf 74' lang='lat' dir='ltr'>latis</span> <span class='ocrx_word' id='word_1_446' title='bbox 172 1887 225 1918; x_wconf 82' lang='lat' dir='ltr'>suis</span> <span class='ocrx_word' id='word_1_447' title='bbox 249 1898 313 1917; x_wconf 85' lang='lat' dir='ltr'>curn</span> <span class='ocrx_word' id='word_1_448' title='bbox 338 1890 372 1918; x_wconf 88' lang='lat' dir='ltr'>iis</span> <span class='ocrx_word' id='word_1_449' title='bbox 387 1899 454 1930; x_wconf 79' lang='lat' dir='ltr'>quas</span> <span class='ocrx_word' id='word_1_450' title='bbox 470 1887 595 1928; x_wconf 82' lang='lat' dir='ltr'>undique</span> <span class='ocrx_word' id='word_1_451' title='bbox 613 1886 647 1917; x_wconf 81' lang='lat' dir='ltr'>ab</span> <span class='ocrx_word' id='word_1_452' title='bbox 667 1887 845 1918; x_wconf 76' lang='lat' dir='ltr'>Astronomis</span> <span class='ocrx_word' id='word_1_453' title='bbox 867 1889 973 1929; x_wconf 67' lang='lat' dir='ltr'>accepit</span> <span class='ocrx_word' id='word_1_454' title='bbox 986 1886 1243 1917; x_wconf 69' lang='lat' dir='ltr'>observaiiombus.</span> <span class='ocrx_word' id='word_1_455' title='bbox 1259 1887 1310 1914; x_wconf 81' lang='lat' dir='ltr'>Sa-</span> 
     </span>
     <span class='ocr_line' id='line_1_44' title="bbox 85 1927 1310 1974; baseline -0.004 -13"><span class='ocrx_word' id='word_1_456' title='bbox 85 1930 211 1962; x_wconf 73' lang='lat' dir='ltr'>tellitum</span> <span class='ocrx_word' id='word_1_457' title='bbox 234 1941 347 1972; x_wconf 88' lang='lat' dir='ltr'>quoque</span> <span class='ocrx_word' id='word_1_458' title='bbox 360 1931 441 1973; x_wconf 81' lang='lat' dir='ltr'>Jovis</span> <span class='ocrx_word' id='word_1_459' title='bbox 461 1929 576 1974; x_wconf 77' lang='lat' dir='ltr'>eclipses</span> <span class='ocrx_word' id='word_1_460' title='bbox 596 1931 677 1972; x_wconf 86' lang='lat' dir='ltr'>hujus</span> <span class='ocrx_word' id='word_1_461' title='bbox 690 1953 700 1966; x_wconf 82' lang='lat'>‚</span> <span class='ocrx_word' id='word_1_462' title='bbox 718 1934 747 1962; x_wconf 65' lang='grc' dir='ltr'>ὅ(</span> <span class='ocrx_word' id='word_1_463' title='bbox 773 1928 947 1970; x_wconf 82' lang='lat' dir='ltr'>insequentis</span> <span class='ocrx_word' id='word_1_464' title='bbox 960 1932 1027 1959; x_wconf 82' lang='lat' dir='ltr'>anni</span> <span class='ocrx_word' id='word_1_465' title='bbox 1040 1929 1146 1960; x_wconf 64' lang='lat' dir='ltr'>futuras</span> <span class='ocrx_word' id='word_1_466' title='bbox 1161 1932 1189 1958; x_wconf 84' lang='lat' dir='ltr'>in</span> <span class='ocrx_word' id='word_1_467' title='bbox 1204 1927 1310 1958; x_wconf 65' lang='lat' dir='ltr'>tsbulas</span> 
     </span>
     <span class='ocr_line' id='line_1_45' title="bbox 84 1970 1253 2018; baseline -0.003 -14"><span class='ocrx_word' id='word_1_468' title='bbox 84 1974 218 2018; x_wconf 73' lang='lat' dir='ltr'>redegit,</span> <span class='ocrx_word' id='word_1_469' title='bbox 243 1984 304 2016; x_wconf 68' lang='lat' dir='ltr'>qua:</span> <span class='ocrx_word' id='word_1_470' title='bbox 326 1973 504 2004; x_wconf 81' lang='lat' dir='ltr'>inveniendis</span> <span class='ocrx_word' id='word_1_471' title='bbox 524 1973 654 2005; x_wconf 85' lang='lat' dir='ltr'>locorum</span> <span class='ocrx_word' id='word_1_472' title='bbox 669 1973 900 2018; x_wconf 84' lang='lat' dir='ltr'>longitudinibus</span> <span class='ocrx_word' id='word_1_473' title='bbox 916 1984 1023 2016; x_wconf 76' lang='lat' dir='ltr'>magno</span> <span class='ocrx_word' id='word_1_474' title='bbox 1045 1972 1105 2003; x_wconf 86' lang='lat' dir='ltr'>usui</span> <span class='ocrx_word' id='word_1_475' title='bbox 1131 1970 1253 2002; x_wconf 72' lang='lat' dir='ltr'>suerunt.</span> 
     </span>
    </p>
   </div>
  </div>
 </body>
</html>
