1638 2345
231 150 319 188 AN'N,

229 202 311 241 1685.

343 104 400 136 236
658 99 830 130 REGIAE
871 97 1257 132 SCIENTIARUM

343 152 452 172 matum
471 141 548 177 fuit,
571 140 651 182 quod
679 144 719 171 D.
747 143 793 171 De
819 140 843 170 la
868 141 940 171 Hire
961 141 976 170 a
1005 142 1046 172 D.
1083 143 1200 174 Etiennc
1220 144 1374 175 canonico
1397 145 1572 179 Carnutenst'

341 184 428 227 paulo
449 195 515 216 ante
533 195 699 227 acceperat:
723 187 771 226 qui
793 182 903 213 addidit
927 183 1002 214 idem
1023 184 1151 216 accidiile
1176 189 1207 216 in
1230 189 1294 217 vico
1318 187 1405 231 vulgo
1436 190 1482 219 La
1503 191 1567 219 Ber-

339 228 415 258 chere
431 227 530 263 dieto,
553 237 636 267 atque
657 237 721 257 eum
743 230 840 269 ignem
856 228 985 269 extingui
1006 238 1065 257 non
1083 226 1169 269 posse.

382 272 495 302 VIII.
534 271 643 299 Eodem
669 270 764 299 menie
802 268 945 312 speculum
993 269 1172 301 metallicum
1198 271 1214 301 ὲ
1246 271 1338 303 nobili
1358 275 1421 304 viro
1453 275 1493 307 D.
1521 278 1566 307 De

339 314 473 344 Carouzc
495 313 592 354 saepius
619 311 772 354 probatum
796 311 859 342 fuit.
889 312 956 342 Hoc
972 313 1090 354 quidem
1106 313 1213 356 reliqua
1229 315 1426 357 magnitudine
1445 317 1565 360 superat,

337 356 386 387 scd
409 356 516 397 ubique
545 366 604 384 non
627 355 665 385 est
680 354 853 398 aequabilitcr
879 354 1048 398 expolitum,
1072 355 1150 387 focus
1170 357 1204 387 ad
1231 370 1240 398 5
1270 358 1354 400 pedes
1378 359 1564 403 producitur,

337 402 368 429 δ(
394 399 456 442 plus
479 408 560 440 aequo
580 407 657 440 patet
675 409 729 442 pto
759 397 865 441 speculi
886 399 1108 440 magnitudine3
1129 403 1159 431 in
1181 399 1389 433 Obl'ctvatorio
1405 402 1434 433 id
1447 403 1565 436 ass'erva-

337 453 390 472 tur.

366 487 433 515 IX.
465 483 606 526 Siliquam
629 485 746 520 Came,
769 495 804 516 ex
827 496 884 527 quo
909 483 1004 526 liquor
1021 487 1109 530 vulgo
1131 485 1255 515 Chocolae
1277 498 1386 530 paratur
1403 510 1413 523 ‚
1441 490 1564 522 ostendit

334 529 376 558 D.
400 526 524 558 Blondel
539 552 547 563 ,
559 531 588 558 ἃ
610 529 746 558 Domino
762 528 915 559 Marchant
932 526 1123 560 affcrvandam
1137 528 1226 559 dtdit.
1245 530 1277 558 ln
1291 540 1322 560 ea
1339 541 1417 562 crant
1430 543 1462 571 ²5
1474 537 1564 576 amig-

332 570 397 601 dala
417 582 478 613 quae
505 571 625 614 liquoris
643 570 773 600 Chocolat
797 570 924 614 saporem
947 583 1003 613 ptae
1027 572 1052 602 se
1075 571 1212 603 ferebant.

371 617 410 645 X.
438 615 546 645 Exasto
568 613 748 644 induciarum
771 625 899 657 tempore
926 614 1094 646 ttstutiinem
1114 626 1253 645 marinam
1265 615 1392 646 exhibuit
1407 617 1447 649 D.
1465 619 1562 660 Mery,

332 659 361 687 in
389 669 444 699 qua
460 656 609 699 complura.
633 656 830 687 observatione
852 656 938 698 digna
956 662 1115 689 annotavit.
1138 657 1212 688 Illud
1231 661 1371 701 imprimis
1384 659 1561 696 lobum‚aut

332 699 446 731 saecum
468 698 638 742 pulmonum
657 698 784 730 veficulis
806 699 922 743 plenum
940 699 993 730 esse
1009 723 1017 736 ‚
1039 702 1115 732 hunc
1139 713 1187 744 per
1202 701 1308 743 septum
1330 703 1559 735 membranosum

331 746 361 772 in
385 743 455 773 duas
476 753 567 785 partes
598 741 652 772 esse
673 741 797 774 divisum
812 765 821 778 ‚
849 753 910 784 quae
935 746 963 772 in
987 743 1040 774 bati
1064 745 1120 787 ipsa
1139 748 1210 774 inter
1233 744 1257 773 se
1273 749 1488 777 communicant
1510 759 1559 783 per

332 787 494 826 interjectas
514 784 646 815 vesiculas
662 797 669 815 t
691 786 723 814 In
745 785 882 816 ttstudine
898 787 1016 816 terrestri
1031 787 1152 830 plurnua
1172 798 1285 831 quoque
1298 785 1556 820 demonstravit‘D.

332 829 384 858 Du
410 833 523 868 Verney
545 840 606 871 quae
630 827 735 858 idoneo
755 828 820 859 loco
841 828 1031 871 proferentur.

785 962 1000 1003 CAPUT
1056 965 1126 1002 11.

733 1055 782 1085 De
808 1048 908 1085 Rebus
930 1050 1157 1098 Astronomicis.

325 1130 348 1161 1.
359 1131 445 1207 H
461 1131 607 1162 Actenusa
620 1134 661 1164 D.
674 1133 792 1166 Cassino
805 1135 947 1168 observati
962 1135 1071 1168 fuerant
1081 1139 1194 1170 Saturni
1209 1137 1340 1170 satellites
1355 1137 1403 1181 ipsi
1415 1141 1552 1181 proximi,

459 1175 536 1217 isque
546 1175 609 1206 usus
620 1175 709 1207 fuerat
718 1178 867 1219 objectivo
881 1192 934 1212 100
945 1180 1048 1222 pedum
1059 1181 1199 1212 collocato
1210 1186 1239 1213 in
1249 1181 1358 1223 fastigio
1370 1181 1551 1213 Observato-

324 1219 371 1255 tii,
386 1219 464 1262 quod
476 1218 558 1249 nullo
572 1230 630 1250 etat
638 1220 708 1251 tubo
727 1224 895 1254 instructum
914 1246 923 1259 ,
937 1223 984 1254 sed
1001 1223 1112 1254 tantum
1127 1225 1257 1256 machina
1276 1226 1367 1267 ipsum
1389 1224 1547 1266 dirigente,

323 1263 439 1301 quando
456 1266 486 1293 in
510 1273 541 1291 ea
553 1261 703 1293 altitudine
725 1266 862 1295 Saturnus
882 1277 941 1296 erat
963 1267 1150 1301 constitutus,
1182 1279 1212 1298 ut
1238 1279 1327 1311 prope
1349 1267 1549 1299 Observatorii

322 1314 416 1335 aream
441 1304 609 1336 inferiorem
629 1306 769 1338 incideret
790 1311 849 1350 ejus
874 1307 953 1340 focus
969 1331 976 1343 ‚
1001 1312 1048 1349 qui
1069 1312 1183 1340 Saturni
1205 1312 1297 1341 radios
1320 1310 1483 1352 colligebat.
1505 1313 1547 1342 Hi

321 1347 443 1388 quidem
457 1347 675 1390 excipiebantur
688 1349 796 1380 oculari
809 1353 871 1381 vitae
889 1351 968 1395 supra
982 1352 1065 1382 aliam
1080 1353 1240 1383 machinam
1252 1353 1405 1383 constituto
1418 1366 1473 1397 qua
1482 1365 1547 1384 ocu-

319 1389 378 1420 lare
395 1391 485 1434 ipsum
498 1390 591 1421 attolli
606 1393 637 1421 &
658 1390 780 1434 deprimi
797 1419 806 1432 ‚
824 1405 909 1436 atque
932 1395 966 1426 ad
990 1407 1098 1425 motum
1118 1397 1232 1427 Saturni
1253 1395 1396 1426 transferri
1414 1407 1546 1438 poterat,

320 1432 413 1464 donec
428 1437 460 1466 in
486 1434 538 1464 situ
555 1433 748 1466 observationi
771 1437 928 1467 commodo
943 1441 1056 1469 Saturni
1071 1437 1174 1480 species
1195 1438 1230 1469 ab
1251 1438 1397 1481 objectivo
1413 1438 1546 1470 efforma-

320 1486 348 1506 ta
374 1476 510 1508 sisteretur
525 1499 534 1511 ,
560 1477 639 1519 quod
664 1478 775 1509 nonnisi
802 1491 851 1523 per
870 1480 955 1512 breve
971 1485 1106 1523 temporis
1118 1481 1236 1524 spatium
1251 1481 1312 1512 fieri
1327 1492 1445 1524 poterat.
1459 1483 1545 1526 Opus

318 1529 434 1563 quoque
451 1531 509 1551 erat
524 1522 633 1564 ingenti
645 1520 740 1557 malo,
759 1534 805 1553 aut
826 1527 907 1558 turri,
924 1535 954 1555 ut
974 1523 1151 1564 objectivum
1168 1524 1202 1555 ad
1218 1528 1306 1555 varias
1319 1524 1482 1555 altitudines
1498 1537 1544 1556 at-

319 1562 477 1595 tolleretur.
493 1565 570 1594 Cum
585 1575 679 1594 autern
695 1568 780 1597 turris
799 1565 892 1608 lignea
909 1566 1041 1598 Marliaci
1056 1579 1143 1610 prope
1159 1567 1297 1598 Versalias
1312 1568 1468 1599 altitudinis
1487 1580 1541 1600 120

317 1605 428 1645 pedum
452 1605 544 1638 fuisset
556 1607 715 1638 constructa
729 1630 738 1643 ‚
763 1607 798 1639 ad
816 1610 892 1639 hunc
904 1609 983 1640 usum
1004 1609 1087 1641 facile
1107 1622 1168 1641 eam
1189 1610 1400 1641 accommodari
1414 1611 1489 1654 polle
1503 1615 1542 1641 in-

318 1645 439 1679 finuavit
463 1651 504 1681 D.
531 1648 662 1680 Cassinus
680 1673 690 1685 ,
721 1649 741 1681 si
766 1652 829 1682 Rex
849 1652 882 1683 ad
906 1652 1146 1684 Observatorium
1170 1666 1233 1684 eam
1255 1653 1398 1685 transferri
1419 1654 1539 1695 juberet.

316 1690 470 1735 Postquam
494 1695 580 1735 igitur
595 1692 610 1721 a
631 1694 672 1725 D.
695 1693 806 1725 Caffini
830 1706 864 1725 eo
883 1696 944 1739 ipso
963 1699 991 1726 in
1011 1695 1075 1726 loco
1089 1697 1137 1728 ubi
1159 1697 1250 1727 adhuc
1264 1707 1320 1727 erat
1333 1718 1342 1731 ,
1362 1709 1410 1740 per
1430 1696 1539 1739 aliquot

315 1735 415 1765 noctes
429 1739 489 1776 ejus
509 1739 549 1766 rci
567 1739 794 1778 experimentum
810 1736 916 1768 factum
933 1739 969 1769 est
983 1761 991 1774 ‚
1014 1738 1042 1768 id
1059 1751 1157 1782 agente
1181 1739 1253 1783 apud
1273 1739 1392 1780 Regiam
1410 1742 1539 1780 Maiesta-

315 1787 372 1807 tem
390 1777 527 1810 Illustriff,
550 1779 725 1810 Marchione
741 1780 777 1811 de
792 1782 917 1814 Louvois
929 1807 937 1820 ‚
957 1785 986 1813 in
1001 1782 1242 1816 Observatorium
1259 1781 1388 1813 transsata
1401 1783 1448 1813 est.
1463 1786 1538 1824 Qae

314 1818 391 1851 illius
424 1820 519 1852 futura.
549 1821 615 1852 effer
638 1822 744 1854 utilitas
767 1824 900 1855 Domino
931 1825 967 1855 de
1002 1826 1127 1857 Louvois
1157 1824 1172 1854 ὲ
1205 1826 1244 1856 D.
1267 1825 1314 1855 De
1340 1825 1366 1855 la
1397 1826 1538 1868 Chapelle

313 1873 377 1893 ante
403 1863 494 1896 fuerat
514 1865 687 1907 explicatum
703 1891 712 1903 ,
733 1878 835 1910 nempe
850 1867 1026 1910 Tclescopiis
1045 1880 1107 1912 quae
1129 1867 1291 1910 longissime
1306 1879 1400 1911 patent
1420 1872 1449 1899 in
1461 1870 1537 1900 sum-

315 1916 364 1936 mo
389 1907 470 1947 hujus
495 1911 577 1939 turris
610 1907 799 1949 speculator-ix
819 1914 965 1941 cacumine
985 1914 1085 1953 aptatis
1099 1934 1107 1946 ,
1130 1911 1191 1941 fote
1209 1922 1240 1942 ut
1262 1911 1373 1942 facilius
1392 1923 1466 1942 nova
1486 1912 1536 1943 de·

314 1949 557 1991 prehenderentur
584 1954 612 1981 in
633 1950 710 1980 coelo
732 1953 930 1984 Phoenomena
952 1976 962 1989 ,
988 1957 1019 1984 ἃ
1047 1965 1112 1984 ante
1133 1957 1248 1985 inventa
1270 1954 1533 1997 comprobarentur.

315 1993 515 2034 Qamobrem
534 1995 574 2025 D.
592 1995 639 2023 Dc
662 1993 688 2024 la
711 1995 852 2038 Chapelle
869 1995 951 2026 illum
967 1999 1077 2038 rogavit
1095 1996 1257 2028 Academia:
1271 2001 1388 2028 nomine
1409 2009 1440 2029 ut
1460 1997 1530 2027 hanc

313 2034 349 2064 ab
368 2048 400 2066 ea
420 2039 500 2068 iniret
516 2041 654 2079 gratiam3
675 2037 751 2081 quod
772 2038 849 2069 brevi
867 2039 928 2081 post
951 2037 1084 2070 effeetum
1107 2040 1169 2071 fuit.
1187 2042 1265 2071 Tum
1280 2041 1350 2071 vero
1365 2041 1399 2071 de
1413 2040 1531 2082 longio-

314 2077 391 2109 ribus
413 2079 486 2112 tubis
505 2079 690 2112 conficiendis
709 2080 833 2113 multum
850 2081 955 2124 diuque
973 2086 1137 2126 cogitatum.
1163 2086 1266 2115 Varios
1291 2084 1424 2116 tuborum
1447 2094 1534 2127 typos
