1638 2345
281 54 531 87 ACADEMI
548 53 582 84 AE
622 52 916 86 HISTORIA.
957 56 1136 90 Ltn.1V.

144 97 225 130 Idem
245 107 263 136 7
282 99 353 140 julii
377 100 503 140 regulam
526 98 610 128 aliam
631 95 780 140 proposuit
801 98 980 130 invenienda:
1000 99 1115 132 summae
1132 72 1323 145 potentini-3³19]
1337 111 1427 140 emm„

101 144 132 172 in
155 141 347 185 progressione
366 143 552 173 Arithmetica
564 164 573 178 ‚
596 144 626 171 in
640 151 695 182 qua
717 151 852 172 numerus
870 141 908 172 est
921 140 1061 174 infinitus.
1078 146 1149 175 Haec
1162 144 1323 178 summatim

102 184 302 220 decurrimus,
324 188 440 216 inventa
456 185 532 226 ipsa,
553 195 599 215 aut
620 186 779 226 excogitata
798 182 901 214 referre
921 189 1048 217 contenti
1064 198 1121 218 non
1138 187 1245 218 omiffis
1265 189 1322 220 die·

103 227 155 258 bus
180 231 210 258 δέ
234 227 372 259 menfibus
386 252 394 264 ,
412 228 514 270 quibus
538 227 598 258 sunt
620 225 784 270 proposita:
810 238 876 257 nam
896 226 1148 261 demonstrationes
1167 233 1196 261 in
1219 232 1322 263 Tabu-

101 269 180 302 lariis
206 272 368 302 Academia:
387 272 576 305 asser-vantur,
595 281 628 299 ex
648 270 751 312 quibus
772 280 838 301 cum
861 282 932 314 opus
957 271 1041 303 fuerit
1056 295 1065 308 ,
1086 272 1300 316 depromentur.

147 317 234 345 XII.
253 317 292 347 D.
313 315 439 358 Couplet
456 314 503 346 die
527 324 566 351 24
590 315 692 344 Martii
712 324 801 345 artem
827 314 980 356 exposuit,
1002 326 1058 357 qua
1075 315 1158 347 tubus
1181 316 1326 361 telescopii

103 369 161 390 100
179 358 285 400 pedum
301 360 392 389 :cetus
416 368 579 401 permaneat
599 378 607 393 ,
619 357 704 399 idque
715 356 796 388 facile
813 360 843 387 ὅ(
855 356 914 387 cito
927 357 962 388 ad
972 362 1104 401 quamvis
1112 371 1172 390 rem
1183 360 1326 401 objectam

103 400 241 443 dirigatur
253 428 261 438 ‚
275 413 305 432 ac
319 400 337 432 fi
351 401 523 444 longitudini
536 405 594 441 ejus
613 399 744 431 nonnulli
761 398 845 431 insint
863 399 988 431 dechtus
999 424 1008 437 ,
1028 402 1117 433 statim
1138 402 1270 434 afferatur
1286 416 1327 436 re-

105 445 241 477 medium.
265 447 412 487 Scriptum
432 444 503 476 illud
525 443 614 486 legit,
643 454 673 474 ac
692 442 796 487 figuras
812 454 912 474 omnes
936 443 1110 482 delineavit,
1132 457 1194 489 quae
1217 447 1330 478 Acade-

104 490 169 517 miae
192 487 315 530 probatae
337 488 408 519 sunt.

137 533 187 561 XI
202 533 248 563 11.
279 533 376 562 Paucis
394 531 454 574 post
469 530 567 562 diebus
589 533 629 562 D.
653 531 777 561 Sauveut
794 530 958 562 Molettinae
981 531 1124 572 cujusdam
1143 531 1267 564 formam
1280 533 1331 566 de.

105 573 245 609 lineavit,
264 586 326 618 quae
345 577 404 605 vim
427 578 456 605 ὃ(
480 574 652 605 celeritatem
683 576 761 603 venti
790 573 966 605 dimetiatur.

153 619 254 649 XIV.
285 621 324 649 D.
350 619 396 649 De
416 619 534 661 Lagny,
557 619 605 659 qui
627 616 643 647 Ξι
657 616 704 647 die
724 627 754 646 11
779 616 889 647 Mentis
911 616 1081 649 Decembris
1102 622 1167 649 anni
1191 625 1258 662 1695
1271 624 1329 663 jam

105 662 134 689 in
153 662 340 692 Academiam
364 661 465 691 ascitus
486 660 573 691 fuerat
585 682 594 695 ‚
620 671 685 690 cum
706 662 848 691 Lutetiam
862 659 979 691 venisset
994 684 1002 696 ,
1022 662 1156 704 scriptum
1172 663 1207 693 de
1223 665 1331 696 accele-

104 714 166 734 rato
188 715 340 747 corporum
362 715 442 735 motu
469 702 586 746 perlegit
605 702 650 733 die
678 709 713 733 16
732 704 824 746 Junii.
847 704 979 745 Cumque
996 705 1127 735 adversus
1151 707 1330 750 hypothesim

105 753 140 776 ak,-
160 758 192 777 eo
204 749 384 779 constitutam
397 746 516 787 objeetae
531 750 555 777 ei
571 744 682 776 fuissent
700 747 740 776 D.
763 747 901 777 Mariotte
919 757 979 777 tum
998 748 1162 790 hypothesis
1177 772 1185 784 ‚
1201 762 1260 781 tum
1273 752 1332 782 ob-

107 789 295 826 servationes,
321 791 366 821 die
390 793 423 820 18
452 790 568 832 Augusti
590 788 848 819 auimidverfiones
869 788 928 819 suas
959 792 986 821 in
1006 790 1136 833 utrasque
1161 794 1331 836 proposuit,

105 844 175 875 quas
194 835 248 864 hoc
267 833 331 864 loco
354 836 514 864 summatim
536 835 684 874 attingam.

154 877 282 907 Primum
298 875 414 920 quidem
435 876 463 906 id
484 875 648 917 hypothefis
673 875 740 906 loco
760 879 841 918 ponit
861 877 900 906 D.
927 877 1066 906 Mariotte
1088 876 1208 919 globum
1230 879 1330 922 plum-

106 918 211 955 heum,
238 923 317 961 cujus
344 920 480 950 diameter
500 920 536 949 cst
553 924 570 947 6
594 919 731 948 lineatum
757 929 782 957 ¹5
804 918 889 961 pedes
913 922 985 949 intra
1006 921 1151 951 minutum
1176 921 1331 954 secundum

106 961 306 993 descendendo
329 966 530 1006 percurrerem
548 973 656 996 vacuo,
688 972 726 998 14
741 964 852 991 veroin
872 965 935 992 aere
952 975 958 992 :
984 961 1055 991 adeo
1076 963 1176 994 utliaec
1197 968 1270 996 aeris
1287 979 1331 998 re-

107 1003 227 1036 sistartia
243 1018 276 1036 eo
299 1010 393 1048 primo
415 1008 550 1048 temporis
577 1004 665 1047 spatio
685 1016 775 1035 unum
796 1005 897 1046 pedem
917 1005 1055 1036 detrahat.

152 1049 193 1079 Ex
219 1050 269 1079 hac
288 1047 436 1091 hyporhesi
459 1060 545 1091 quam
568 1047 644 1077 mere
658 1046 832 1078 arbitrariam
855 1049 991 1078 existimat
1010 1049 1050 1079 D.
1075 1048 1121 1078 De
1143 1051 1258 1094 Lagny,
1273 1064 1334 1085 me-

107 1091 230 1122 thodum
250 1093 334 1123 tradit
350 1095 388 1123 D.
408 1093 546 1122 Marione
564 1113 572 1126 ‚
598 1102 651 1130 qua
673 1090 792 1133 spatium
810 1089 1017 1121 decurrendum
1035 1090 1070 1121 ab
1083 1103 1116 1121 eo
1129 1093 1251 1134 globulo
1262 1108 1332 1138 quo.

107 1132 177 1165 libet
197 1147 318 1166 numtro
346 1134 533 1165 secundorum
555 1134 623 1164 dato
643 1135 813 1167 inveniatur.
838 1136 936 1175 Qam
955 1133 1125 1164 methodum
1147 1137 1189 1170 D,
1209 1139 1257 1169 De
1278 1143 1334 1172 La-

107 1189 167 1219 guy
189 1178 223 1209 ad
237 1178 399 1209 breviorem
416 1182 445 1209 &
470 1177 627 1208 faciliorem
647 1175 791 1207 calculum
813 1189 934 1209 revocat.
955 1180 998 1209 Sit
1013 1188 1056 1210 ex.
1078 1189 1120 1217 gr.
1137 1190 1271 1212 numerus
1286 1184 1334 1214 da-

108 1230 152 1250 tus
177 1221 364 1252 secundorum
380 1236 394 1253 ι,
407 1247 415 1257 ,
438 1221 520 1263 hujus
541 1220 710 1262 quadratum
727 1231 877 1250 numerum
892 1232 939 1264 per
959 1225 1013 1266 14}
1034 1221 1213 1264 multiplica,
1234 1226 1335 1268 prodi-

109 1266 182 1298 bunt
202 1271 230 1310 53
246 1291 254 1303 ,
279 1278 340 1299 tum
359 1268 423 1298 cubi
447 1271 557 1298 numeri
571 1281 603 1300 2,
620 1268 668 1308 qui
693 1266 729 1295 cst
750 1268 764 1295 8
776 1288 784 1300 ‚
811 1267 934 1298 dimidio
950 1290 959 1303 ‚
971 1278 1072 1311 nempe
1088 1278 1107 1304 4
1121 1289 1130 1302 ‚
1147 1267 1282 1302 subducto
1299 1272 1334 1304 ab

108 1321 144 1341 eo
166 1322 286 1341 numero
305 1314 338 1352 58
360 1311 499 1342 restabunt
524 1326 556 1353 54
571 1336 579 1348 ,
599 1312 648 1350 qui
666 1319 798 1339 numerus
819 1311 857 1340 (st
873 1311 977 1353 pedum
992 1333 1002 1347 ,
1020 1321 1092 1353 quos
1110 1312 1185 1341 intra
1203 1314 1262 1345 duo
1278 1319 1335 1346 lni-

108 1363 173 1384 nuta
194 1353 314 1384 secunda
335 1357 364 1384 in
390 1354 522 1384 descensu
544 1355 591 1383 suo
616 1351 740 1381 decurrit
755 1350 887 1393 globulus
904 1353 1064 1396 plumbeus.

157 1399 204 1427 Sic
222 1396 290 1427 dato
314 1408 433 1426 numero
453 1408 483 1426 10
496 1419 505 1432 ,
523 1401 580 1437 ejus
598 1394 767 1436 quadratum
788 1407 841 1427 100
862 1396 1022 1440 multiplica
1039 1407 1088 1440 pet
1111 1401 1173 1441 14{
1195 1413 1201 1431 :
1225 1399 1334 1433 summa

109 1444 161 1472 erit
182 1455 251 1485 ¹450
266 1456 274 1479 ·‚
297 1455 328 1474 ex
348 1444 389 1474 his
407 1444 546 1474 substraho
573 1453 626 1483 500
638 1467 646 1477 ,
662 1451 723 1483 quae
736 1440 774 1470 est
788 1454 849 1484 pars
868 1443 988 1475 dimidia
1006 1444 1069 1474 cubi
1084 1449 1195 1477 numer-i
1213 1447 1273 1477 dati
1289 1460 1332 1484 10,

108 1485 219 1517 restabit
246 1498 377 1518 numerus
405 1499 475 1527 9503
499 1499 541 1518 tot
566 1485 668 1516 scilicet
691 1483 775 1527 pedes
794 1488 867 1516 intra
896 1498 930 1517 ιο
947 1487 1065 1518 secunda
1084 1489 1245 1532 peragrabit
1266 1490 1334 1533 glo-

109 1527 162 1559 bus
178 1529 332 1572 plumbeus.
348 1531 421 1570 QX
438 1541 502 1560 cum
525 1528 619 1561 rabula
638 1529 675 1557 D.
697 1527 835 1559 Mariotte
856 1532 965 1572 optime
983 1533 1169 1563 conveniunt.
1185 1535 1270 1563 Hanc
1286 1546 1335 1565 ve.

107 1571 143 1602 ro
164 1573 333 1604 methodum
362 1572 515 1616 multiplici
536 1574 643 1603 ratione
665 1570 845 1613 reprehendit
865 1574 905 1604 D.
925 1577 970 1605 De
987 1577 1085 1616 Lagny
1105 1597 1114 1610 ‚
1130 1578 1161 1605 &
1184 1587 1214 1607 ea
1233 1581 1334 1619 ptaeci-

108 1615 163 1658 pue
178 1616 257 1659 quod
276 1616 380 1658 globus
400 1615 448 1646 ille
468 1618 527 1660 post
552 1628 581 1655 ¹9
603 1614 653 1645 see.
675 1617 705 1644 &
731 1617 772 1659 ᾗ,
792 1616 938 1660 postquam
963 1620 1037 1648 1806
1065 1618 1100 1665 ἦ
1124 1619 1207 1660 pedes
1226 1623 1254 1650 in
1268 1620 1332 1651 des.

108 1662 193 1693 censu
207 1667 372 1705 peragrarit,
386 1675 463 1694 {nom
477 1662 609 1693 deorsum
624 1663 745 1694 omnino
758 1662 789 1694 fit
799 1661 1002 1695 destituendus:
1021 1676 1085 1696 cum
1098 1678 1190 1699 tamen
1202 1671 1232 1699 &
1247 1680 1332 1699 mone

108 1714 148 1735 tes
171 1709 200 1737 &
224 1705 330 1736 sodince
354 1707 446 1739 multo
467 1705 580 1736 altiores
605 1715 775 1744 occurrant,
803 1716 887 1748 atque
901 1718 934 1737 ex
961 1711 994 1739 iis
1011 1712 1107 1750 gravia
1127 1723 1244 1754 quat-que
1264 1723 1331 1743 cor-

108 1759 178 1790 pora
200 1749 344 1782 decidant.
365 1752 399 1783 Id
425 1760 494 1780 vero
515 1747 689 1790 consequeus
713 1749 839 1780 futurum
862 1749 898 1780 fic
924 1751 1045 1794 probat:
1064 1755 1152 1794 Qod
1177 1755 1195 1786 fi
1222 1766 1255 1785 zo
1278 1754 1328 1786 sec.

109 1791 254 1822 sumantur
268 1818 276 1828 ‚
297 1795 465 1834 quadratum
489 1793 571 1833 hujus
594 1792 704 1821 numeri
726 1799 777 1823 erit
793 1803 873 1833 4003
895 1795 975 1836 quod
997 1794 1115 1827 ductum
1136 1809 1184 1841 per
1203 1803 1265 1843 14}
1287 1797 1332 1828 cf.

110 1836 171 1870 ficit
191 1842 283 1882 5800:
303 1850 336 1872 ex
350 1853 408 1883 quo
437 1839 456 1871 st
478 1838 608 1869 detrahas
632 1848 710 1875 4000
724 1862 733 1874 ‚
756 1839 906 1872 dimidiam
928 1852 1036 1884 partem
1058 1843 1124 1875 cubi
1140 1851 1250 1877 numeri
1271 1847 1329 1880 dati

112 1892 169 1918 20,
190 1881 267 1925 quod
289 1885 399 1916 restabit
416 1907 424 1920 ,
449 1881 522 1913 illud
543 1885 595 1912 erit
620 1885 712 1912 1800:
736 1882 806 1913 adeo
829 1895 859 1915 ut
877 1885 923 1914 liic
951 1896 1084 1917 numerus
1102 1888 1205 1930 pedum
1235 1894 1331 1922 minor

111 1925 143 1956 stt
161 1930 231 1957 1806
257 1926 295 1974 ζ-ξ-
314 1938 386 1970 quos
409 1931 481 1958 intra
510 1936 539 1965 19
565 1925 617 1956 sec.
641 1928 671 1955 &
694 1928 710 1967 ξ
738 1925 796 1968 pila
823 1927 957 1971 plumbea
976 1940 1177 1971 peragraverat.
1202 1934 1248 1963 Sic
1272 1934 1332 1965 cal-

111 1973 177 2004 culo
197 1975 269 2004 inito
287 1975 347 2018 post
370 1987 403 2014 29
429 1974 479 2004 sec.
507 1972 563 2016 pila
576 1984 609 2002 eo
624 1972 813 2019 conscendet,
831 1976 906 2008 unde
929 1977 1084 2020 iucoepetat
1094 1976 1274 2018 descendere,
1289 1992 1333 2014 ato

110 2030 166 2065 quc
185 2021 221 2048 itt
242 2029 355 2050 motum
381 2019 461 2049 suum
482 2019 638 2047 commater
653 2015 767 2048 surium.
1328 2015 1333 2020 ⁴
