1638 2345
195 168 285 197 ANN-

198 211 282 240 1681.

311 129 368 155 μη
608 109 781 142 REGIAE
833 107 1236 140 Scit-:NTIARUM

310 162 394 192 instar
420 156 592 188 membrana:
619 165 733 185 tenuem
753 148 856 182 desinit
883 173 890 186 ,
914 153 966 193 qui
991 154 1058 194 tegit
1078 151 1193 183 viscera.
1221 148 1280 182 Sub
1301 147 1376 181 dorsi
1396 150 1473 194 pelle
1497 153 1546 184 alii

311 205 373 233 sunt
388 199 532 234 musculi,
550 209 675 241 quorum
695 199 821 238 origines
844 194 905 225 sunt
930 197 958 224 in
979 194 1114 225 vertebris
1139 197 1169 225 ὃ(
1191 196 1273 226 costis
1295 214 1304 227 ‚
1325 195 1454 226 tendines
1476 196 1550 226 verb

312 257 341 276 in
359 244 454 275 fascias
479 242 550 286 ipsas
574 241 752 282 squamarum
770 238 806 270 lic
827 237 877 269 vili
899 238 960 268 sunt
982 237 1129 276 desinere,
1151 249 1182 268 ut
1207 238 1254 268 alii
1272 235 1404 268 deorsum
1419 239 1548 282 portasti

313 287 409 319 fascias
429 287 536 318 sursum
555 285 666 315 trahant
689 293 698 316 3
718 281 765 312 alii
786 282 800 312 ὲ
819 292 926 312 contra.
950 283 1025 313 Usus
1041 284 1069 311 in
1088 281 1213 322 utrisque
1235 291 1256 311 is
1278 279 1391 311 videtur
1403 292 1434 312 ut
1449 282 1548 314 fascias

315 331 382 362 alias
403 330 464 361 aliis
481 329 678 361 admoveant,
697 336 746 356 aut
763 325 898 356 diducant
919 347 928 358 ,
948 335 1013 355 cum
1037 336 1108 367 opus
1131 324 1213 354 fucrit
1230 346 1238 359 ‚
1264 322 1350 363 idque
1366 324 1493 366 praestant
1514 336 1550 358 ut

313 378 366 406 turi
390 372 442 404 sint
462 372 498 402 ab
513 373 636 402 externis
653 369 757 399 idibus
779 383 787 400 :
811 367 857 399 scd
877 366 973 399 fascias
995 367 1158 401 distendunt
1173 389 1182 403 ‚
1206 377 1237 398 ut
1258 366 1339 396 costa:
1365 366 1482 399 liberius
1506 379 1550 404 atq

314 418 452 448 tollantur
475 419 506 446 &
528 414 737 457 deprimantur.

360 462 388 490 X
405 461 453 490 11.
487 460 556 489 Hoc
578 467 684 486 narurae
706 453 858 486 artificium
876 457 905 484 in
927 453 1123 484 musculorum
1138 453 1300 484 abdominis
1323 453 1458 485 structura
1476 464 1551 496 prx-

316 507 471 535 tcrmittere
490 501 574 532 nobis
595 499 696 542 religio
714 497 778 529 fuit.
801 498 888 539 Jecur
910 508 982 540 pene
1002 508 1033 528 ut
1056 500 1085 527 in
1105 497 1205 528 avibus
1227 495 1348 527 bifidum
1375 508 1432 527 erat
1455 510 1463 527 :
1488 497 1550 528 duo

315 546 399 582 lobi,
414 546 512 577 dexter
528 547 559 576 δέ
585 542 692 574 finistcr
711 541 789 573 velut
807 541 910 571 isthmo
922 541 1050 582 quodam
1069 540 1192 571 discreti.
1217 540 1332 570 Ductus
1352 540 1497 582 hepaticus
1517 543 1550 571 in

315 590 419 621 dextro
442 588 511 620 lobo
530 587 638 618 radices
660 585 766 616 babens
780 607 788 620 ‚
812 587 842 614 in
865 582 1007 615 sinistrum
1029 584 1177 626 porrchus
1197 582 1275 614 collo
1291 583 1372 624 cystis
1393 582 1482 613 felleae
1504 586 1552 613 in-

315 633 466 664 serebatur.
491 633 553 662 Cor
567 633 598 662 &
614 628 767 674 pulmones
789 626 845 658 fere
867 638 897 658 ut
913 630 943 657 in
964 626 1144 662 testitudine3
1159 637 1230 657 vena
1243 637 1312 658 cava
1329 625 1454 669 duplex,
1466 637 1552 657 trun-

315 687 363 708 cus
382 687 455 709 unus
484 679 515 707 &
545 677 703 717 prazcipuus
737 672 753 704 ὲ
775 670 877 702 dextro
898 672 1003 710 jecoris
1031 669 1101 701 lobo
1123 673 1152 700 in
1171 669 1301 701 dextram
1321 669 1417 700 cordis
1438 672 1552 701 auricu-

318 718 376 751 lam
400 732 409 755 ·,
432 718 503 750 alter
523 718 601 759 isque
616 721 713 748 minor
728 717 744 747 ὲ
766 714 835 745 lobo
852 712 960 745 sinistro
980 713 1114 756 prodiens
1129 715 1159 744 in
1179 712 1335 744 auriculam
1351 711 1486 744 sinistram
1497 713 1554 744 de..

317 762 437 796 sinebar.
460 759 646 793 Ventriculus
670 759 729 791 fere
744 770 775 790 ur
788 761 818 789 in
834 757 935 789 avibus
954 768 1016 799 quae
1037 759 1132 799 granis
1147 757 1298 789 vescuntur
1314 779 1323 792 ,
1345 759 1426 796 cujus
1449 756 1553 799 angus-

317 809 374 837 tior
394 818 452 838 erat
471 808 574 836 cavitas
596 817 604 834 :
624 803 697 834 adeo
717 814 747 834 ut
761 801 838 833 illius
856 803 1059 843 exiguitatem,
1074 811 1105 829 ac
1126 799 1259 831 dentium
1273 803 1440 830 tenuitatem
1461 803 1551 831 acrius

317 848 508 880 consideranti
519 871 528 884 ,
550 846 623 878 illud
643 846 728 891 plane
739 845 885 876 intellectu
899 844 1020 874 arduum
1036 842 1165 874 videatur
1178 866 1188 879 ,
1204 842 1354 885 quomodo
1366 845 1477 885 magnis
1491 846 1555 874 ani·

318 893 464 924 mantibus
487 891 561 923 vesci
583 901 692 932 queat,
720 901 749 920 ut
770 891 897 919 auctores
921 887 1057 918 scribunt.
1082 887 1187 927 Neque
1211 889 1288 917 enim
1313 889 1332 916 ii
1356 886 1417 916 sunt
1437 885 1555 926 dentes,

316 938 368 978 qui
382 935 510 966 dividere
530 933 636 979 possint
654 937 685 965 δε
700 936 894 964 comminuere
911 934 1018 971 majora
1037 929 1170 960 animalia
1184 952 1193 965 ‚
1214 941 1265 960 nec
1282 928 1456 959 ventriculus
1467 939 1555 972 capax

318 981 357 1010 est
376 981 410 1009 iis
429 978 610 1010 continendis
622 1000 632 1013 ,
653 976 703 1007 nisi
719 975 793 1008 forte
817 974 987 1017 oesophagus
1003 972 1164 1004 admodum
1179 973 1315 1004 distentus
1335 972 1419 1003 instar
1432 974 1556 1015 ingentis

320 1020 391 1053 sacci
410 1021 504 1053 edulia
519 1024 638 1065 excipiat
659 1023 690 1051 δι
714 1022 869 1050 contineat.

369 1065 461 1096 Aorta
480 1064 580 1096 itidem
605 1075 636 1095 ut
658 1074 746 1099 cava,
765 1062 879 1106 duplex.
908 1060 1014 1104 Aspera
1029 1062 1128 1090 arteria
1151 1058 1316 1102 priusquam
1339 1061 1366 1089 in
1381 1058 1456 1089 duos
1476 1057 1559 1090 abeat

322 1119 417 1139 ramos
431 1131 441 1144 ,
460 1107 608 1152 paululum
627 1105 802 1142 reflectitur,
826 1104 883 1136 fere
901 1115 930 1135 ut
951 1115 980 1134 in
998 1114 1066 1146 grue
1087 1106 1175 1133 autin
1192 1113 1285 1145 cygno
1306 1115 1313 1133 ε
1332 1101 1477 1144 pulmonis
1492 1101 1558 1132 nul.

322 1151 383 1182 lum
406 1163 464 1183 crat
486 1152 678 1195 parenchyma
699 1172 708 1185 ‚
738 1149 786 1180 sed
812 1147 998 1180 vcficularum
1021 1145 1130 1177 rantum
1152 1148 1298 1188 congeries
1322 1156 1352 1176 ut
1373 1148 1402 1175 in
1419 1145 1558 1176 testudine

322 1198 355 1226 &
377 1197 406 1225 in
436 1199 510 1226 ranis
535 1208 543 1226 ε
572 1206 630 1225 non
654 1195 733 1223 enim
755 1192 866 1236 sanguis
881 1193 977 1222 omnis
996 1201 1026 1221 ur
1043 1192 1072 1219 in
1093 1191 1209 1219 terrenis
1233 1187 1426 1219 animantibus
1441 1187 1558 1232 pulmoq

320 1247 372 1269 nes
399 1241 512 1280 trajicit.

368 1283 478 1324 Lingua
506 1292 556 1324 per
581 1278 712 1311 latiorem
733 1277 930 1310 membranam
954 1277 1087 1308 inferiori
1114 1275 1237 1306 maxillae
1258 1273 1441 1310 adhaerebat,
1470 1285 1558 1318 eaque

322 1324 489 1355 membrana
507 1326 592 1355 variis
615 1322 725 1366 pertusa
747 1320 928 1353 foraminulis
951 1322 1125 1364 praecipuum
1140 1319 1177 1349 cst
1193 1319 1315 1361 gustatus
1336 1328 1477 1360 organum
1498 1331 1506 1349 ι
1528 1321 1559 1348 in

322 1366 442 1411 longum
459 1368 588 1410 porrec'ca
604 1367 642 1397 est
662 1365 758 1408 lingua
771 1389 781 1401 ‚
803 1365 849 1396 sed
872 1365 1025 1407 angustior.

366 1411 489 1442 Maxilla
509 1410 627 1442 inferior
644 1420 710 1440 cum
733 1420 896 1451 temporum
917 1405 1022 1438 ossibus
1041 1405 1149 1448 duplici
1161 1403 1357 1435 articulatione
1374 1403 1411 1435 sic
1423 1406 1560 1440 nectitur,

322 1465 351 1484 ur
366 1453 472 1485 sursum
494 1457 524 1485 &
545 1452 677 1485 deorsum
692 1450 894 1483 tantummodo
913 1459 1062 1481 moveatur
1078 1471 1087 1484 ,
1110 1459 1169 1478 non
1183 1447 1359 1478 dextrorsum
1376 1451 1406 1478 δέ
1422 1447 1561 1478 finistror·

321 1496 383 1527 sum
403 1508 434 1528 ut
451 1501 480 1529 in
505 1497 567 1528 aliis
584 1494 778 1526 animantibus
792 1506 874 1527 :cum
890 1497 968 1524 enim
991 1492 1091 1523 dentes
1112 1490 1188 1522 illius
1207 1494 1281 1521 acuti
1301 1489 1337 1521 sic
1351 1489 1560 1533 disponantur,

322 1551 352 1571 ut
373 1539 423 1571 fibi
445 1551 505 1571 non
524 1547 696 1573 occurrant,
718 1539 765 1569 sed
786 1541 816 1569 in
838 1538 924 1580 spatia
945 1539 1126 1580 gingivarum
1140 1532 1275 1564 dentibus
1292 1543 1379 1563 vacua
1396 1537 1562 1571 incurrant,

323 1583 439 1614 maxilla
456 1584 490 1615 ad
508 1583 593 1615 latera
611 1581 721 1612 inficeti
738 1593 796 1612 non
817 1581 916 1612 debuit
938 1605 946 1619 ‚
976 1579 1021 1610 sed
1041 1577 1146 1609 sursum
1169 1575 1337 1608 deorsumve
1352 1601 1360 1611 ,
1384 1587 1414 1606 ut
1430 1576 1560 1607 dentium

320 1628 415 1668 apices
437 1626 487 1657 fibi
512 1639 604 1670 aptata
623 1625 763 1656 foramina
785 1624 920 1655 subirent.
952 1625 1027 1664 Qae
1047 1621 1082 1652 ad
1100 1619 1232 1651 Sceleton
1248 1619 1358 1662 reliqua
1374 1622 1518 1663 pertinent
1530 1622 1561 1650 in

320 1667 513 1712 descriptione
534 1669 592 1713 ipsa
609 1668 735 1700 dilucide
751 1671 781 1699 δε
800 1668 914 1712 copiose
931 1675 1120 1710 exponuntur.

772 1792 806 1828 C
832 1795 864 1829 A
891 1794 915 1830 P
939 1795 978 1831 U
1001 1793 1035 1827 T
1095 1792 1154 1826 ΙΙ.

717 1889 765 1918 De
796 1878 923 1931 Plgrfico's
955 1879 1185 1929 experimentis.

326 1976 349 2005 1.
371 1976 482 2051 DE
507 1974 610 2018 plantis
635 1975 790 2006 rarioribus
818 1984 879 2018 qum
913 1973 955 2002 D.
981 1972 1135 2002 Marchant
1166 1982 1231 2000 cura
1251 1981 1284 2000 ex
1309 1966 1410 1999 diffitis
1437 1967 1563 2009 regioni-¹

463 2019 514 2050 bus
541 2019 602 2050 sunt
616 2018 706 2049 allatae
725 2041 732 2053 ,
756 2030 806 2049 nec
826 2029 882 2048 non
906 2015 941 2045 de
961 2026 1057 2045 earum
1077 2013 1180 2054 analyfi
1197 2013 1267 2044 nihil
1293 2010 1397 2042 neccsse
1416 2010 1454 2040 cst
1475 2008 1561 2040 fusius

325 2061 456 2093 disl'ercre
469 2088 477 2101 ,
499 2073 565 2092 cum
587 2063 647 2092 liaec
666 2064 694 2091 in
711 2062 837 2102 stirpium
853 2058 1003 2089 volumine
1021 2057 1100 2100 quod
1120 2056 1196 2087 brevi
1219 2060 1246 2087 in
1268 2055 1359 2085 lucrm
1381 2052 1561 2096 proditurum

325 2108 468 2146 ⁴speramus
483 2128 493 2141 ,
516 2103 728 2149 diligentislimc'-
745 2104 796 2135 sint
815 2104 959 2147 explicata.
988 2102 1030 2133 D.
1047 2103 1161 2132 Boconc
1177 2099 1285 2131 librum
1303 2099 1337 2131 dc
1353 2097 1455 2141 plantis
1469 2098 1561 2131 ratio-
