1638 2345
208 203 288 231 1608.

206 247 234 274 ἃ
251 250 300 280 69.

312 120 349 147 68
576 116 754 148 REGIAE
792 114 1195 147 SCIENTIARUM

246 176 254 184 s
290 180 294 184 -
315 157 488 202 papilionem
503 158 581 191 abiit.
609 162 689 190 Huic
703 159 761 190 duo
779 158 856 189 oculi
878 160 1034 193 micantes,
1055 157 1139 189 facies
1161 158 1287 188 hominis
1307 157 1419 190 vultum
1437 164 1539 190 utcunS
1578 159 1588 168 ⁸

315 212 368 241 que
388 201 509 233 referens
524 225 533 238 ,
555 203 635 234 nasus
654 201 730 233 infra
751 200 850 233 oculos
868 223 878 236 ‚
904 204 936 232 δε
960 199 1026 231 naso
1048 212 1080 231 os
1099 200 1255 241 subjectum
1276 201 1365 236 inest,
1384 213 1451 232 cum
1469 213 1541 244 qua-

315 244 381 274 dam
399 243 488 287 specie
507 244 687 287 oblongioris
705 244 800 276 barbae
819 255 881 286 quae
905 247 934 274 in
950 255 1118 275 mucronem
1138 242 1248 275 definit.
1274 241 1336 273 Alae
1356 243 1454 277 breves
1466 267 1476 280 ‚
1498 248 1541 276 uti

317 289 346 317 δε
367 298 492 323 cornua,
518 299 621 330 corpus
635 291 709 318 iners
731 291 761 319 &
784 288 854 330 pene
870 285 1030 318 immobile.

356 342 383 361 2.
420 330 516 361 Aliam
537 331 602 361 huic
626 329 747 361 similem
768 330 813 360 sed
833 328 994 361 crassiorem
1021 332 1052 360 in
1075 330 1211 373 atriplicis
1235 342 1263 361 v.
1298 329 1442 361 l'At-roche
1463 330 1541 362 foliis

313 373 350 403 est
374 373 584 417 contemplatus
607 385 616 409 ς
645 372 693 404 fila
720 372 822 404 itidem
842 385 871 404 ut
890 375 918 403 in
945 376 1035 416 priori
1062 372 1194 416 disposita
1211 396 1220 409 ,
1243 373 1290 405 scd
1315 372 1425 404 colotes
1447 376 1541 404 minus

315 414 465 457 splendidi.

355 471 378 497 3.
412 461 445 488 In
465 462 560 490 utticae
583 457 660 490 foliis
679 471 775 491 erucas
797 464 935 502 nigriores
954 462 1065 503 punffis
1085 458 1156 490 albis
1174 459 1315 490 distiiic‘ras
1336 461 1455 492 invenit.
1479 459 1542 492 Ubi

313 505 499 532 mutationem
528 501 687 534 moliuntur
703 525 712 538 ‚
731 506 827 534 urtica:
848 502 920 532 folio
940 502 965 532 se
993 501 1147 533 involuunt
1169 501 1326 534 tenuissima
1350 501 1403 532 tela
1422 501 1542 544 spatium

314 555 433 575 vacuum
455 547 482 574 in
498 544 656 576 convoluto
674 544 746 576 folio
764 545 909 576 obducunt
922 570 930 582 ‚
949 548 978 576 in
995 544 1167 586 chrysalides
1184 545 1297 576 circulis
1325 545 1405 574 flavis
1428 545 1543 575 distinc-

313 597 354 615 tas
371 585 526 622 facessunt,
551 590 580 617 &
601 591 629 618 in
643 587 752 619 muscas
770 588 882 619 tandem
901 587 1042 631 oblongas
1055 599 1196 619 mutantur
1212 611 1220 623 ,
1235 599 1356 629 quatuor
1377 587 1426 617 :ilis
1448 587 1542 631 pellu-

313 628 384 659 cidis
405 630 550 661 instructas
574 644 580 661 :
605 631 646 662 liae
669 630 746 661 facto
771 630 910 662 foramine
927 642 975 675 per
987 642 1070 675 caput
1093 630 1257 672 chrysaliu'is
1275 641 1438 672 erumpunt.

354 683 384 710 4.
419 675 452 702 In
472 675 568 703 utticae
590 684 702 716 quoque
726 673 801 705 foliis
822 673 899 705 aliud
925 678 1046 705 occurrit
1069 685 1157 705 crucae
1179 685 1266 717 genus
1285 697 1292 708 ,
1316 672 1385 704 folia
1416 676 1541 706 circum-

311 717 387 754 jecta
411 716 470 750 haec
485 715 596 759 colligit
617 739 627 752 ‚
652 720 680 747 iu
700 720 733 749 iis
750 716 775 747 sc
799 717 935 748 condit&
961 717 1069 748 tamdiu
1091 729 1210 752 manet,
1232 717 1366 759 quamdiu
1382 719 1412 746 in
1431 719 1465 747 iis
1485 717 1542 748 ali-

315 769 444 789 mentum
469 760 538 790 inest
558 771 566 794 ·,
590 758 638 790 fila
658 762 762 791 emittit
784 760 885 802 quibus
905 758 974 791 folia
997 763 1025 791 in
1045 772 1132 791 unum
1154 759 1270 801 colligat
1295 771 1302 794 3
1326 759 1375 790 ubi
1393 758 1543 792 dehiscunt

316 800 384 831 folia
398 824 407 836 ‚
430 802 520 833 statim
536 814 585 846 pet
605 802 652 833 fila
671 807 755 834 rimas
772 803 880 847 opplet.
916 803 981 833 Post
1000 807 1094 846 nigras
1109 803 1143 834 de
1160 803 1263 844 quibus
1283 814 1351 834 mox
1365 803 1472 833 dicrum
1488 804 1538 839 est,

315 843 371 873 hoc
391 855 480 877 erucae
497 856 584 887 genus
605 846 727 877 nascitur
744 869 753 881 ‚
778 845 798 879 si
820 858 900 878 eruca
925 846 1054 877 habenda
1074 847 1111 877 est
1133 870 1142 882 ,
1168 858 1225 876 non
1245 850 1349 877 vermis
1366 860 1372 877 ε
1388 857 1452 876 nam
1476 846 1544 888 pilis

315 886 482 918 destituitur.
512 890 568 918 Die
583 896 626 921 ιε.
641 889 721 931 Junii
737 889 792 920 sese
809 894 880 920 intra
902 888 969 921 folia
986 889 1069 921 solito
1085 893 1239 920 accuratius
1256 889 1385 920 condidit
1403 900 1411 924 ·,
1430 888 1498 919 adeo
1513 901 1543 921 ut

315 928 425 960 nullam
445 931 614 973 relinqueret
631 935 731 962 rimam
749 954 759 967 ,
781 931 901 974 figuram
924 943 1030 964 novam
1051 932 1141 964 induit
1155 954 1163 967 ‚
1186 931 1271 963 nullis
1291 934 1398 963 exuviis
1415 931 1542 968 relictis,

316 975 407 1014 capite
421 982 531 1004 tantum
552 978 581 1004 δέ
605 975 695 1005 rostro
717 975 858 1017 superstite
881 975 986 1006 :aadco
1010 987 1041 1006 ut
1060 986 1162 1018 corpus
1183 986 1272 1006 cruca:
1287 987 1346 1005 non
1361 973 1544 1006 mediocrite:

315 1017 493 1047 (οηῐῐειέὶυιῃ
510 1016 593 1047 fuerit
605 1038 614 1051 ‚
631 1028 695 1047 cum
714 1018 848 1058 chrysalis
873 1016 946 1048 faeta
958 1018 1017 1053 cst,
1036 1030 1070 1048 cx
1083 1030 1114 1048 ea
1128 1031 1158 1057 4.
1171 1029 1226 1049 ova
1244 1029 1379 1061 perparva
1390 1040 1400 1053 ,
1422 1029 1455 1047 ex
1471 1021 1540 1060 qui-⁴

316 1057 367 1087 bus
389 1058 489 1090 muscae
507 1070 675 1090 communes
692 1061 869 1102 prodierunt.

358 1112 381 1139 5.
407 1102 453 1132 Sic
473 1104 502 1132 in
517 1101 581 1132 beta
597 1102 643 1132 die
667 1102 876 1146 &Septembris
891 1115 1004 1134 erucam
1023 1103 1171 1145 conspexit
1188 1101 1304 1133 crassam
1319 1127 1327 1139 ‚
1349 1102 1544 1148 sesquipollice

315 1142 430 1186 longam
451 1147 480 1174 δε
504 1144 574 1188 pene
595 1148 734 1180 inertem,
758 1145 808 1176 nisi
829 1157 892 1176 cum
911 1147 1075 1190 tangebatur
1102 1159 1108 1176 ε
1133 1157 1193 1176 tum
1215 1148 1290 1176 enim
1305 1157 1392 1188 quam
1413 1146 1544 1179 citiffime

314 1186 341 1216 se
358 1187 515 1218 retrahebat
538 1210 548 1223 ,
579 1187 646 1218 alias
666 1188 826 1219 consimiles
846 1191 875 1219 in
895 1189 961 1220 beta
990 1193 1020 1220 &
1050 1188 1165 1219 lactucis
1186 1200 1333 1232 praetcreO.
1359 1191 1406 1220 Sic
1423 1193 1451 1221 in
1467 1190 1544 1233 spina

315 1228 457 1260 racemosa
474 1231 572 1272 agresti
590 1242 670 1261 eruca
686 1230 789 1263 aculeis
802 1231 896 1275 aspera
910 1235 1026 1263 inventa
1039 1232 1077 1262 est
1092 1231 1168 1262 flavo
1186 1231 1283 1262 colore
1303 1234 1390 1262 tincta
1404 1255 1413 1267 ‚
1434 1232 1480 1264 sed
1495 1245 1544 1264 ru-

314 1271 398 1303 beum
422 1276 452 1302 ὅ(
476 1272 604 1305 vividum
625 1273 718 1304 induit
741 1274 890 1310 colorem,
910 1286 974 1307 cum
990 1273 1044 1306 fiiit
1069 1275 1249 1305 transmutata
1268 1297 1277 1310 ‚
1302 1275 1381 1317 quod
1406 1274 1449 1306 bis
1466 1288 1544 1307 terve

315 1313 423 1348 factum
443 1316 481 1347 est
495 1337 504 1352 ,
526 1327 557 1346 ut
572 1315 604 1347 fit
628 1319 658 1347 in
680 1321 770 1348 erucis
792 1328 853 1360 quae
868 1317 994 1348 rosarum
1018 1316 1094 1348 foliis
1118 1318 1306 1349 innascuntur.
1337 1319 1450 1349 Harum
1466 1322 1543 1350 varia

315 1358 376 1388 sunt
389 1370 491 1401 genera
503 1380 512 1393 ,
527 1370 589 1400 quae
605 1358 722 1402 longum
737 1359 802 1391 esset
816 1363 953 1392 minutius
971 1359 1136 1392 describere.
1160 1360 1302 1402 Qaedam
1314 1371 1349 1391 ex
1363 1363 1397 1391 iis
1411 1365 1543 1393 antennis

314 1400 477 1436 donantur,
497 1413 560 1442 quae
584 1401 718 1433 limacum
740 1414 845 1434 cornua
865 1403 1001 1436 referunt.

350 1450 378 1476 6.
412 1447 446 1474 In
460 1444 528 1476 rosis
540 1456 654 1488 quoque
669 1457 778 1476 vermes
799 1446 849 1477 visi
862 1448 973 1490 puntstis
986 1448 1073 1488 nigris
1086 1445 1224 1491 conspersi
1239 1470 1248 1482 ‚
1270 1446 1376 1478 virides
1387 1470 1396 1483 ‚
1419 1447 1541 1492 oblongi

314 1497 360 1518 22.
386 1486 503 1529 pedibus
521 1489 647 1519 instrutsti
662 1510 670 1523 ,
690 1489 762 1519 adeo
781 1500 812 1520 ut
837 1501 899 1520 toto
920 1501 1038 1533 corpore
1065 1493 1207 1533 utrimque
1222 1490 1306 1533 pedes
1328 1494 1359 1521 &
1381 1502 1456 1534 rugae
1473 1495 1543 1523 citra

314 1528 462 1560 intervalla
487 1529 524 1561 sic
549 1530 734 1575 disponantur
759 1554 769 1567 ,
803 1543 834 1563 ut
858 1531 902 1562 sex
923 1535 1074 1564 anteriores
1100 1531 1152 1563 sint
1171 1533 1315 1575 longiores
1340 1537 1371 1565 &
1393 1538 1542 1568 acutiores.

317 1572 373 1602 His
394 1575 466 1603 inter
489 1573 680 1605 incedendum
698 1585 814 1606 utuntur
828 1597 837 1610 ‚
861 1586 981 1619 cumque
1005 1574 1092 1606 edunt
1119 1585 1164 1606 aut
1184 1576 1303 1618 gradum
1327 1575 1421 1607 fistunt
1442 1599 1452 1613 ‚
1478 1589 1542 1621 pars

315 1626 414 1644 eorum
430 1616 567 1658 posterior
589 1615 695 1648 sursum
717 1621 832 1660 erigitur
852 1620 880 1648 in
902 1617 1017 1661 seipsam
1045 1628 1149 1648 retorta
1173 1630 1181 1652 ·,
1202 1619 1316 1650 rotundi
1338 1619 1398 1650 sunt
1416 1631 1445 1650 ut
1466 1619 1542 1651 lum-

314 1656 386 1687 brici
406 1669 414 1691 ;
432 1662 610 1690 continenter
628 1658 686 1690 fcto
704 1660 786 1691 edere
801 1660 954 1697 videntur,
973 1660 1161 1692 anterioribus
1179 1661 1297 1705 pedibus
1318 1661 1389 1693 folia
1401 1665 1541 1694 teneriora

314 1700 457 1743 complexi
476 1702 608 1734 exedunt.

351 1754 380 1780 7.
414 1743 492 1776 Alias
511 1755 626 1787 quoque
648 1746 751 1790 species
766 1745 944 1778 Infestosum
967 1761 1029 1793 quae
1052 1752 1124 1779 inter
1148 1758 1242 1778 erucas
1267 1750 1295 1778 &
1317 1759 1426 1779 vermes
1445 1749 1541 1780 ambi-

311 1796 382 1828 gunt
394 1810 403 1821 ‚
430 1789 459 1816 E<
474 1787 540 1818 rosis
556 1787 706 1821 vescuntur
718 1812 727 1825 ‚
745 1789 897 1832 descripsit.
930 1793 1007 1822 Inter
1023 1803 1068 1822 eas
1086 1792 1252 1832 conspicuus
1266 1791 1303 1821 est
1319 1795 1423 1822 vermis
1437 1791 1540 1824 itidem

312 1828 430 1863 viridis,
450 1833 498 1873 qui
513 1841 578 1861 cum
596 1831 734 1873 quiescit,
758 1835 786 1863 in
806 1831 926 1863 formam
944 1833 1042 1866 helicis
1055 1833 1239 1865 convoluitut
1256 1859 1263 1871 ,
1285 1837 1374 1876 capite
1390 1833 1459 1866 foris
1472 1847 1541 1878 pro-

310 1871 418 1902 minulo
432 1894 442 1907 ,
461 1884 560 1915 praeter
580 1873 623 1904 sex
644 1874 728 1917 pedes
745 1879 898 1906 anteriores
914 1898 923 1911 ‚
946 1889 973 1915 7.
995 1878 1054 1908 sunt
1069 1878 1211 1918 utrimque
1239 1880 1266 1906 in
1289 1877 1405 1912 medi03
1429 1890 1476 1918 ¹4·
1494 1881 1540 1909 vi-

310 1914 413 1945 delicet
435 1940 444 1950 ,
477 1916 524 1946 sed
548 1920 625 1958 parvi
649 1917 806 1950 admodum
827 1941 835 1953 ,
860 1922 909 1960 qui
931 1930 1025 1950 tamen
1045 1919 1198 1964 progressui
1218 1919 1375 1950 inserviunt
1396 1943 1404 1956 ‚
1427 1920 1486 1952 duo
1507 1924 1536 1952 in

310 1957 406 1990 cauda.
433 1957 492 1990 Ubi
511 1958 696 1991 adoleverunt
712 1984 721 1996 ‚
743 1960 807 2004 pilis
826 1960 896 1991 albis
911 1972 1040 2004 teguntur
1054 1985 1063 1998 ,
1086 1965 1133 2003 qui
1154 1961 1266 1994 aculcos
1280 1966 1375 1994 urtica:
1392 1963 1536 2000 referunt,

312 1999 357 2030 scd
376 1999 519 2032 breviores
540 2013 635 2033 tamen
652 2025 660 2037 ‚
684 2007 715 2034 δε
740 2003 870 2046 a-qtmbih
889 2004 956 2035 serie
979 2005 1114 2049 dispositi.

355 2046 380 2071 8.
415 2044 492 2074 Cum
522 2057 592 2076 unus
617 2057 651 2076 ex
678 2048 711 2076 iis
733 2046 877 2078 vermibus
897 2047 1014 2090 capsulae
1041 2048 1172 2078 abietinae
1196 2060 1250 2091 qua
1278 2060 1336 2080 erat
1361 2047 1509 2079 conclusus
1525 2071 1534 2085 ,

310 2085 444 2129 GFUCUIO
463 2087 614 2120 adhaefiffet
628 2114 637 2126 ι
658 2089 714 2122 hoc
731 2089 888 2127 exedebat,
915 2094 945 2124 ὅ(
963 2090 1145 2124 domicilium
1161 2091 1212 2124 sibi
1231 2091 1346 2135 parabat
1364 2103 1429 2123 cum
1451 2091 1535 2123 scobe
