1638 2345
207 175 291 205 Astu.

204 221 287 253 1694.

314 138 373 166 3¹4
609 126 796 159 REGIAE
837 123 1220 156 SCIENTIARUM

357 168 527 201 Coeruleum
538 169 609 201 veto
629 167 776 200 artificiale
794 172 886 212 parari
897 167 967 199 solet
984 178 1050 200 cum
1065 177 1120 198 una
1140 177 1218 211 parte
1233 164 1355 202 vinicii,
1368 166 1476 198 duabus
1493 166 1546 198 sul-

315 213 428 257 phureis
445 217 476 245 &
497 212 587 244 tribus
602 213 749 244 mercurii.
761 211 820 242 sed
840 211 886 241 hic
909 210 992 241 color
1014 213 1075 241 vim
1095 212 1170 252 ignis
1188 219 1247 239 non
1263 208 1375 242 sustinet
1391 210 1430 241 ob
1451 212 1549 253 impuf

314 267 345 286 ra
365 254 509 299 sulphura,
529 266 591 298 quae
609 257 758 286 materiam
777 253 952 285 metallicam
969 253 1026 285 una
1049 253 1142 284 secum
1159 251 1314 296 abripiunt¹

349 298 431 329 Idem
456 299 549 344 postea
567 297 672 328 costam
691 299 720 327 in
741 296 896 340 lapidicina
916 295 1022 341 gypsea
1044 299 1191 327 inventam
1215 298 1244 326 in
1265 306 1364 327 monte
1384 296 1549 336 Martyrum

314 341 454 373 exhibuit.
480 342 520 371 D.
547 342 634 382 Mery
653 339 831 371 existimabat
846 338 926 371 fuisse
940 340 1048 372 costam
1062 339 1219 371 testudinis.

357 387 399 425 X..
420 384 505 415 Circa
524 382 649 414 calorem
669 385 699 414 δέ
724 382 813 426 frigus
827 386 866 415 D.
889 382 1045 426 Homberg
1066 393 1186 414 excunte
1199 379 1293 412 mense
1311 379 1428 423 Aprili,
1449 385 1480 413 δι
1497 392 1548 412 ca-

314 427 418 457 lidiore
436 427 515 458 coelo
536 438 639 469 aquam
662 425 762 457 salsam
781 452 790 466 ‚
808 438 870 471 quae
889 427 1000 468 hyemis
1019 437 1152 470 tempore
1171 428 1201 456 in
1214 423 1334 467 glaciem
1353 434 1549 464 concreverat,

313 470 443 500 noudum
459 469 579 501 solutam
598 472 706 501 invenit
721 481 729 504 ·‚
745 470 817 501 duos
828 481 942 512 quoque
954 481 1040 512 penes
1056 468 1082 499 se
1099 469 1223 513 liquores
1239 467 1292 497 csse
1311 468 1350 497 ait
1362 488 1371 502 ‚
1385 464 1488 510 eosque
1501 478 1550 498 ca-

314 512 388 542 lidos
403 535 411 547 ‚
425 515 474 555 qui
493 513 549 542 una
568 513 692 555 permisti
705 511 846 554 liquorem
861 512 1018 544 admodum
1038 511 1175 554 frigidum
1195 509 1334 541 efficiunt.

360 559 386 586 X
400 558 422 587 1.
453 556 582 598 Qaestio
603 555 657 586 fuit
680 559 783 596 agitata
798 581 808 595 ,
828 567 863 586 an
882 555 978 598 liquor
993 554 1098 598 aliquis
1124 554 1185 586 solo
1207 565 1288 585 motu
1312 553 1459 585 incalescat
1480 556 1550 586 citra

314 597 585 634 fermentationem,
598 598 660 629 aliis
678 597 886 630 affirmantibus
901 621 910 635 ,
923 599 1003 642 quod
1023 598 1134 641 sanguis
1148 597 1206 628 sola
1225 600 1354 628 motione
1370 608 1416 628 ma
1437 601 1459 628 is
1476 599 1551 628 inca-

314 640 423 677 lescat,
446 642 613 685 negantibus
641 642 725 673 aliis:
751 653 834 686 atque
855 641 905 672 illa
929 646 1030 686 opinio
1056 641 1203 673 nonnullis
1227 640 1286 671 visa
1308 640 1346 671 est
1370 608 1551 684 prolubium

315 683 458 726 liquorem
469 684 625 728 [implicem
637 707 646 720 ,
666 696 697 716 ut
719 696 835 727 aquam,
855 685 916 715 soli
935 689 1064 718 morione
1075 697 1134 716 non
1149 682 1338 719 incalescere,
1359 696 1424 715 cum
1446 682 1501 714 alia
1516 683 1550 716 fit

314 730 388 758 ratio
413 727 533 772 liquoris
548 731 648 764 mixti,
668 727 830 770 cujusmodi
841 728 880 759 est
895 728 1005 774 sanguis
1023 751 1033 766 ,
1051 728 1137 772 idque
1149 730 1290 773 imprimis
1307 738 1374 759 cum
1391 726 1550 771 sulphureis

318 769 443 802 abundat
465 770 606 814 partibus.

351 815 441 845 XII.
467 815 526 844 Die
556 826 583 853 13
607 814 789 846 Novembris
812 818 840 847 in
863 818 960 858 primo
981 814 1043 858 post
1063 813 1192 846 inducias
1215 810 1362 862 congressu
1382 814 1424 844 D.
1452 814 1501 845 De
1521 811 1549 844 la

317 857 414 892 Hire,
434 867 497 900 quae
513 867 574 888 tum
590 857 657 889 effer
677 858 745 889 acas
766 861 933 901 magnetica·
947 857 1104 888 declinatio
1116 879 1126 893 ‚
1149 869 1252 901 nempe
1269 861 1315 888 lex
1339 857 1480 899 gtaduum
1515 867 1549 897 35

315 901 389 930 min.
406 898 566 931 admonuit.
591 900 626 932 Id
651 911 767 945 quoque
784 901 904 933 advertit
922 912 982 932 tum
1004 911 1062 932 tem
1105 902 1143 931 ris
1167 911 1301 943 magnam
1322 902 1352 930 in
1380 901 1550 931 Barometro

315 945 505 973 mutationem
520 941 652 974 accidisse
671 957 678 975 ε
707 955 775 974 nam
788 946 863 974 intra
881 947 963 975 unius
976 943 1034 975 diei
1069 946 1177 987 parium
1192 945 1228 975 ad
1247 949 1281 973 ¹6
1304 942 1390 972 lineas
1403 942 1549 976 descendit

315 984 510 1028 hydrargyrus
531 1007 541 1021 ‚
568 996 634 1016 cum
654 989 735 1017 venti
762 985 861 1017 flarent
883 986 985 1018 acrius.
1009 986 1113 1018 Iisdem
1140 986 1200 1018 fere
1225 984 1403 1028 temporibus
1423 985 1550 1028 phialam

316 1027 448 1059 exhibuit
462 1039 535 1070 aqua
546 1028 668 1072 limpida
683 1029 798 1072 plenam
808 1052 818 1065 ,
834 1034 861 1061 in
872 1040 928 1072 qua
945 1040 1025 1061 erant
1033 1029 1183 1074 complura
1194 1028 1364 1061 animalcula
1378 1027 1471 1060 forma
1480 1040 1550 1061 can-

315 1073 370 1101 cris
393 1082 453 1102 non
474 1069 615 1104 dissimili.
645 1075 718 1105 Haec
742 1073 878 1104 arborum
897 1072 969 1105 folia
991 1071 1028 1105 fic
1050 1074 1172 1104 exedunt
1187 1095 1198 1109 ,
1220 1084 1251 1105 ut
1277 1070 1400 1103 artificio
1422 1073 1548 1115 quodam

317 1113 403 1144 incisa
420 1113 580 1146 videantur.

367 1158 414 1186 De
435 1169 534 1189 natura
562 1160 593 1189 &
613 1160 725 1201 origine
748 1157 824 1190 illius
845 1160 984 1202 pigmenti
1006 1158 1085 1199 quod
1110 1157 1301 1190 cochenillam
1325 1169 1451 1194 vocant,
1481 1171 1546 1191 cum

316 1210 444 1239 ageretur
459 1223 467 1235 ‚
481 1200 613 1242 quaedam
626 1201 704 1232 illius
723 1213 811 1244 grana
825 1200 944 1244 protulit
962 1204 1002 1235 D.
1019 1200 1171 1244 Homberg
1181 1223 1192 1238 ‚
1210 1212 1300 1245 eaque
1312 1202 1436 1233 rotunda
1448 1225 1458 1238 ,
1469 1202 1547 1245 quasi

317 1243 438 1273 totidem
463 1244 582 1275 aurelias
595 1266 605 1279 ,
619 1244 708 1276 rubeo
723 1245 834 1287 liquore
857 1244 950 1286 plena.

356 1288 382 1315 X
396 1288 407 1315 1
423 1288 467 1317 11.
494 1287 534 1316 D.
562 1287 674 1316 Charas
693 1299 813 1329 granum
839 1289 960 1317 Kermes
981 1297 1076 1317 coram
1093 1286 1224 1318 exhibuit
1247 1289 1279 1316 &
1301 1285 1448 1328 pulverem
1462 1309 1471 1323 ‚
1496 1292 1547 1329 qui

316 1326 480 1358 inficiendis
506 1328 576 1359 lanis
603 1329 641 1358 est
659 1332 785 1372 optimus
808 1345 817 1368 -,
844 1332 866 1359 is
884 1328 982 1369 plenus
1003 1329 1114 1360 videtur
1134 1333 1220 1363 ovis,
1245 1339 1308 1371 quae
1332 1332 1362 1358 in
1385 1330 1547 1372 papiliones

316 1369 429 1441 rincum.
457 1370 683 1403 Observationes
698 1371 759 1403 suas
774 1375 804 1403 in
826 1371 966 1414 ejusmodi
983 1382 1070 1414 grana
1088 1395 1097 1408 ,
1128 1372 1175 1403 seu
1198 1376 1227 1403 iu
1246 1382 1364 1401 coccum
1392 1372 1548 1415 baphicum

332 1424 398 1454 tgls.

362 1459 461 1489 X1V.
486 1457 527 1488 D.
551 1458 705 1500 Homberg
721 1457 863 1501 liquorem
885 1456 1007 1488 ostendit
1028 1468 1087 1499 quo
1118 1459 1224 1488 vitrum
1249 1455 1432 1494 dissolvitur,
1455 1469 1548 1502 neque

316 1497 393 1530 ali-rid
417 1499 556 1542 quiddam
578 1502 618 1533 est
643 1512 745 1544 praeter
763 1512 865 1544 aquam
885 1500 991 1532 fortem
1007 1512 1070 1544 quae
1090 1502 1121 1532 iu
1146 1503 1252 1532 vitrum
1275 1499 1354 1544 ptius
1376 1502 1499 1535 candens
1513 1506 1547 1535 &c

314 1541 426 1583 iiquuo
449 1541 570 1586 plumbo
584 1543 749 1576 immersum
770 1549 831 1575 vim
853 1543 930 1574 suam
945 1547 1045 1574 exerit.

347 1589 373 1615 X
390 1589 427 1618 V.
453 1588 523 1617 Hoc
545 1589 661 1618 ineunte
679 1597 755 1618 auno
778 1590 817 1621 D.
839 1587 947 1618 Charas
967 1590 996 1617 in
1018 1586 1213 1617 Thermarum
1227 1586 1353 1619 calorem
1376 1587 1548 1631 diligentius·

317 1631 333 1658 i:
351 1632 462 1669 quinus
476 1655 482 1663 ,
496 1630 682 1673 suspicabatur
704 1642 766 1661 eum
788 1642 822 1661 ex
841 1630 923 1661 acido
944 1629 1085 1672 sulphuris
1098 1633 1130 1661 iu
1147 1628 1218 1661 locis
1234 1632 1335 1661 vicinis
1355 1631 1462 1675 copiosi
1477 1654 1486 1667 ‚
1505 1644 1548 1663 ar-

317 1683 373 1713 qu:
395 1683 426 1701 ex
449 1683 526 1714 part:
545 1677 604 1713 ejus
622 1672 826 1705 inflammabili
848 1671 1001 1716 proficisci.
1026 1674 1075 1704 De
1095 1684 1174 1705 aceto
1190 1673 1329 1716 sulphuris
1344 1678 1375 1705 &
1392 1677 1547 1706 antimouii

317 1726 355 1744 2:⁴³.
378 1714 433 1744 fere
458 1726 590 1756 opinatur
605 1738 615 1751 ,
642 1715 759 1758 sulphur
774 1727 929 1748 commune
954 1726 1021 1747 cum
1042 1716 1091 1747 suo
1114 1716 1197 1748 acido
1219 1715 1271 1760 ipsi
1293 1719 1456 1748 antimonio
1482 1720 1548 1751 ac‘tu

318 1757 421 1792 iuml,
441 1757 526 1799 idque
548 1770 581 1788 cx
604 1771 639 1790 eo
661 1758 772 1802 colligit
794 1783 802 1796 ,
825 1759 904 1802 quod
926 1762 955 1789 in
1005 1762 1186 1803 raeparatioue
1208 1760 1303 1801 butyri
1322 1764 1477 1793 antimonii
1494 1761 1549 1794 sub

315 1798 403 1830 fiueiu
426 1800 585 1832 cinnabaris
603 1802 757 1834 attollatur.
775 1806 863 1836 Unde
884 1802 951 1834 sales
971 1771 1021 1833 fi’xi
1034 1825 1044 1839 ,
1065 1802 1134 1834 dum
1154 1802 1267 1834 acidum
1291 1802 1443 1835 absorbent
1456 1828 1466 1841 ,
1486 1816 1546 1848 quo

316 1844 480 1873 Mercurius
501 1843 578 1874 velut
597 1843 698 1887 ligatus
716 1846 883 1882 tenebatur,
904 1848 1078 1878 mercurium
1098 1844 1190 1889 ipsum
1213 1846 1335 1878 liberum
1362 1848 1513 1880 dimittunt
1532 1870 1543 1884 ,

317 1889 366 1927 qui
391 1889 507 1929 proprio
531 1886 655 1929 pondere
669 1888 786 1922 decidit.
809 1892 890 1929 Qin
905 1891 991 1921 etiarn
1004 1888 1054 1921 ubi
1073 1892 1138 1932 igue
1159 1889 1310 1921 moderato
1330 1890 1443 1923 stibium
1461 1892 1548 1927 calci-,¹

318 1939 418 1963 natur,
442 1928 560 1960 flamma
579 1930 695 1962 caetulea
719 1943 748 1962 ut
770 1936 800 1962 in
823 1932 953 1976 sulphure
970 1933 996 1964 se
1018 1933 1125 1976 prodit.

368 1974 433 2004 XV
447 1974 469 2002 1.
495 1974 566 2014 Qo
581 1984 677 2004 aurem
697 1974 787 2005 inodo
809 1978 960 2007 antimonii
983 1986 1095 2008 acetum
1111 1977 1183 2008 citra
1209 1975 1295 2008 alieni
1309 1980 1438 2022 corporis
1459 1978 1544 2010 addi:

319 2016 426 2045 tionem
442 2016 602 2046 extrahatur
617 2039 627 2052 ,
647 2016 765 2048 subinde
786 2019 881 2050 tradit.
908 2019 1054 2050 Postremo
1070 2019 1106 2050 de
1120 2020 1242 2050 tinctura
1266 2024 1417 2053 antimonii
1436 2045 1447 2057 ‚
1461 2025 1541 2063 cujus

318 2056 395 2128 iiiisiriii
419 2059 639 2101 piaestantiorern
655 2059 707 2091 effe
725 2073 803 2105 putat
821 2085 830 2099 ‚
856 2061 943 2104 quim
967 2064 1036 2092 aceti
1057 2074 1090 2093 ex
1105 2063 1208 2095 eodem
1227 2064 1358 2096 minerali
1382 2067 1539 2109 praeparati,

315 2111 342 2129 (il
360 2112 449 2132 itiiltt.
