1638 2345
195 160 284 189 ΑΝΝ.

200 207 288 240 1696.

314 121 371 151 372
622 106 798 140 REGIAE
849 101 1239 140 SCIENTIARUM

312 166 344 193 7¹
363 152 429 200 ἐκ]
441 158 473 199 53¹
493 175 502 189 ‚
517 153 571 183 hoc
585 152 622 183 est
635 163 768 190 ut10327
785 147 820 180 ad
838 158 912 187 770.
936 148 978 178 Ex
998 149 1032 179 iis
1051 147 1173 181 efficitur
1198 154 1271 183 aeris
1289 149 1325 183 ad
1339 161 1442 195 aquam
1457 151 1546 185 ratio:

311 218 379 238 nem
392 204 445 235 esse
459 213 489 234 ur
509 212 518 230 ι
533 224 543 236 ,
564 201 600 231 ad
616 212 681 238 770
697 213 702 230 :
717 209 784 229 cum
796 199 941 239 utrimque
953 196 1075 238 aequales
1099 198 1163 229 sunt
1177 197 1268 229 moles
1282 211 1330 231 aut
1342 199 1500 234 volumina.

355 248 446 291 Qod
460 247 478 278 fi
494 248 557 275 a‘c'ra
572 243 718 286 aliquanto
732 241 793 285 plus
805 243 944 284 gravitate
956 251 1096 283 ponamus
1112 253 1201 285 prope
1214 244 1300 273 maris
1317 242 1411 274 littora
1423 270 1432 284 ‚
1458 244 1547 288 quam

312 297 340 324 in
357 292 470 323 summo
486 289 568 326 hujus
588 289 696 317 montis
713 288 818 315 vertice
837 295 892 325 257
911 283 1010 326 hexap.
1025 283 1180 316 dimidium
1197 285 1280 327 hujus
1293 284 1452 318 altitudinis
1472 288 1545 318 lumi

309 336 420 380 potest,
442 333 579 364 nimirum
593 340 638 369 ¹30
656 330 758 371 hexap.
774 326 821 357 vel
833 329 967 362 circiter,
983 326 1034 358 ubi
1047 326 1084 358 sic
1096 331 1235 372 premitur
1251 351 1260 364 ‚
1279 340 1309 360 ut
1323 329 1460 372 ponderet
1475 334 1534 356 -ὲ

311 386 397 426 partis
412 392 490 422 aquae
503 380 665 408 communis
680 399 688 413 ‚
699 375 791 419 qualis
804 374 858 406 esse
872 374 944 406 solet
959 377 988 405 in
1005 376 1172 408 Barometro
1182 403 1190 413 ,
1207 387 1272 407 curn
1289 380 1443 408 mercurius
1455 361 1497 409 ad⁷
1506 364 1544 419 ἔξ

311 425 430 469 pollices
452 428 481 455 ὃς
509 426 525 471 ὲ
547 420 669 452 sublatus
684 421 727 451 est·
754 418 903 451 Postremo
917 420 991 450 ratio
1009 420 1156 462 utriusque
1173 422 1317 463 gravitatis
1329 442 1338 456 ‚
1362 420 1475 464 qualem
1493 422 1548 454 effe

310 473 436 504 diximus
458 471 493 502 ad
512 471 617 502 montis
632 468 814 499 altitudinem
837 480 870 508 50
883 467 985 509 hexap.
1006 465 1087 508 supra
1107 472 1192 499 maris
1207 469 1389 498 horizontem
1410 468 1550 502 determi-

312 519 372 546 nari
392 515 503 558 potest,
525 512 575 545 ubi
601 514 756 543 mercurius
776 511 813 542 ad
833 522 876 549 ²7
892 508 1010 553 pollices
1024 513 1045 555 ὲ
1068 511 1208 542 attollitur
1222 534 1231 548 ‚
1258 522 1319 553 qux
1333 510 1427 542 media
1453 513 1491 543 est
1515 517 1547 545 &

311 563 436 606 vulgaris
455 566 513 605 ejus
529 559 661 592 altitudo.
680 561 766 591 Circa
782 560 909 592 medium
929 560 1037 590 montis
1052 557 1158 589 clivum
1175 560 1203 587 in
1219 555 1288 588 tubo
1303 559 1412 587 invenit
1428 568 1466 596 27
1480 556 1547 600 pol-

312 606 379 638 lices
399 609 442 655 ὲ,
465 617 530 637 cum
547 604 678 647 frigidior
697 602 763 635 effet
779 606 828 634 a'e't
839 614 873 633 eo
893 605 924 634 in
940 600 1007 633 loco
1032 605 1063 634 ὃ(
1083 601 1216 636 serenus,
1238 611 1407 643 temperatus
1421 602 1450 630 iu
1469 611 1547 644 parte

311 658 419 686 montis
441 653 551 685 infima.

359 701 370 729 1
384 703 421 730 V.
460 697 583 728 Celebre
601 694 674 728 illud
686 699 912 740 experimentum
925 717 935 732 ,
948 693 1027 738 quod
1045 695 1075 725 in
1088 703 1187 723 monte
1202 692 1350 722 Arvernia:
1367 690 1473 721 factum
1491 691 1529 722 est
1538 699 1550 727 ,'

312 741 425 785 pondus
445 743 519 772 a'c'ris
532 752 598 771 cum
618 751 697 781 aqum
720 743 846 784 pondere
867 739 1004 770 collatum
1020 736 1124 779 praebet
1138 738 1166 765 in
1184 738 1291 766 rarione
1312 746 1322 763 1
1345 734 1378 763 ad
1396 739 1452 774 845
1469 759 1477 771 ,
1501 733 1549 764 scd

313 797 374 816 eam
391 788 608 827 proportionem
627 786 719 814 minui
731 795 864 826 oportere
884 782 948 813 satis
961 779 1112 812 verisimile
1131 779 1171 809 est
1189 792 1195 809 :
1217 790 1283 808 nam
1298 778 1338 807 D.
1353 778 1461 806 Perrier
1474 799 1482 812 ,
1498 781 1549 818 qui

313 828 370 858 hoc
389 828 455 859 fecit
471 831 695 871 experimentum
710 849 718 861 ‚
736 831 842 858 montis
861 824 1041 856 altitudinem
1059 834 1116 853 non
1131 822 1202 852 adeo
1226 820 1277 852 fibi
1299 822 1473 863 peripec'tam
1495 818 1549 851 effe

313 871 420 902 fatetur
429 894 438 907 ,
457 871 544 913 vulgo
557 882 619 901 eam
637 870 766 900 :estimari
779 874 818 901 ait
829 880 883 912 500
895 867 1105 910 hexapedarum
1120 876 1169 896 :ac
1183 865 1257 895 forte
1270 863 1341 894 ultra
1354 863 1550 906 quadringen-

313 925 354 944 tas
375 913 534 956 hexapedas
550 917 598 944 vix
614 917 747 944 excurrit.
767 914 847 944 Nam
870 909 994 955 praecelsi
1017 909 1073 940 loci
1089 907 1212 938 altitudo
1234 906 1296 950 plus
1323 916 1403 947 xquo
1420 906 1551 938 aestimari.

312 955 403 992 solet,
421 957 460 988 ob
472 960 564 987 varios
579 959 687 987 itineris
700 955 857 987 anfrastus.
880 954 967 986 Unde
982 955 1089 983 montis
1105 950 1182 981 illius
1201 962 1289 992 prope
1307 950 1450 979 Telonem
1465 948 1551 993 positi

313 998 494 1031 altitudinem
515 999 613 1030 firltem
635 1010 696 1037 400
712 998 920 1043 hexapedarum
933 995 986 1027 effe
1006 993 1179 1041 opinabatur
1198 995 1239 1024 D.
1254 991 1341 1024 Dela
1361 993 1453 1031 Hire,
1471 1003 1552 1024 ante-

313 1053 400 1085 quam
418 1055 480 1074 eam
499 1042 565 1074 effer
583 1041 737 1074 dimensus.

360 1090 398 1117 V.
431 1086 534 1126 Qaea
554 1087 594 1118 D.
615 1085 723 1116 Caslini
745 1085 817 1116 facta
832 1084 872 1115 est
893 1083 1057 1116 observatio
1081 1084 1111 1112 in
1127 1092 1246 1116 monte,
1267 1084 1312 1111 cui
1328 1090 1434 1110 nomen
1458 1079 1550 1110 nostra

316 1130 449 1160 Domina
465 1130 479 1159 a
494 1129 619 1161 custodia
633 1152 642 1165 ‚
660 1128 762 1169 Nostre
777 1131 867 1159 Dame
881 1127 912 1158 de
925 1129 952 1158 la
968 1125 1076 1162 Gardt,
1093 1129 1173 1167 cujus
1187 1123 1309 1154 altitudo
1324 1123 1404 1166 supra
1420 1133 1497 1152 mare
1511 1123 1552 1153 est

315 1177 372 1212 178
390 1173 558 1216 hexapedas,
573 1185 635 1203 eam
653 1173 758 1216 praebet
772 1174 991 1215 proportionem
1002 1172 1074 1200 a'c‘tis
1091 1172 1164 1199 inter
1180 1171 1209 1198 ὅ(
1227 1178 1328 1210 aquam
1343 1177 1406 1207 qua:
1416 1166 1452 1195 est
1467 1177 1478 1197 1
1493 1188 1500 1199 ,
1515 1165 1552 1196 ad

316 1223 373 1253 669
393 1231 399 1248 :
418 1216 464 1247 sed
483 1219 530 1246 a'c‘r
545 1228 604 1247 non
623 1227 680 1246 erat
699 1215 801 1246 eodem
816 1214 907 1245 modo
922 1212 1082 1257 dispositus.
1105 1211 1198 1242 Addit
1215 1209 1286 1240 illud
1305 1212 1390 1240 etiam
1410 1211 1450 1241 D.
1465 1210 1511 1238 De
1523 1208 1552 1239 la

316 1261 390 1291 Hire
407 1271 441 1290 cx
454 1259 703 1290 observationibus
717 1269 779 1300 quae
793 1257 865 1288 fiunt
879 1261 907 1287 in
927 1257 996 1289 locis
1014 1268 1113 1298 parum
1127 1254 1190 1285 altis
1201 1279 1209 1290 ‚
1231 1265 1260 1283 ut
1280 1265 1310 1293 30
1325 1264 1370 1283 aut
1386 1264 1426 1289 40
1445 1253 1546 1295 htx-ip.

313 1314 375 1333 non
391 1303 461 1333 adeo
476 1304 587 1332 exa-stas
604 1302 669 1332 elici
685 1301 760 1343 poffe
773 1304 894 1331 rationes
911 1304 983 1330 inter
997 1303 1068 1330 aeris
1084 1303 1113 1329 δέ
1129 1309 1206 1340 aquzc
1220 1296 1356 1338 pondera.
1369 1299 1443 1338 Qae
1455 1306 1551 1325 tamen

315 1344 330 1374 ὲ
345 1347 386 1378 D.
401 1346 447 1375 Dc
459 1345 485 1376 la
504 1347 575 1375 Hire
588 1345 661 1374 faeta
674 1345 711 1373 est
730 1343 884 1374 Meudonii
897 1353 985 1384 prope
1000 1342 1143 1372 Lutetiam
1158 1351 1253 1369 coram
1272 1338 1423 1381 perillustri
1439 1337 1551 1367 Abbate

314 1387 349 1418 de
365 1391 491 1419 Louvois
507 1387 579 1418 adeo
591 1387 643 1417 fuit
657 1397 782 1417 accurata
792 1408 801 1421 ‚
817 1397 847 1416 ut
860 1384 936 1415 illius
949 1387 1020 1415 ratio
1033 1381 1250 1425 quodammodo
1265 1381 1395 1411 habenda
1411 1380 1551 1411 videatur.

347 1434 373 1460 V
386 1434 408 1462 Ι.
440 1431 521 1462 Idem
537 1440 735 1473 argumentum
752 1428 848 1459 mense
867 1430 977 1459 Martio
997 1437 1062 1457 cum
1078 1425 1144 1456 ess'ct
1162 1427 1320 1467 agitatum,
1339 1425 1378 1455 D.
1396 1422 1552 1465 Homberg

313 1472 527 1505 observationes
551 1473 619 1515 legit
637 1473 697 1504 suas
714 1476 788 1504 circa
805 1471 935 1513 ejusdem
951 1471 1024 1501 a‘c'ris
1044 1469 1154 1500 diversa
1180 1468 1325 1510 pondera,
1345 1478 1374 1497 ut
1393 1467 1483 1508 magis
1503 1477 1552 1496 aut

315 1517 412 1549 minsis
429 1517 562 1548 dilatatur
576 1528 622 1548 aut
640 1518 852 1559 comprimitur,
869 1525 952 1558 penes
965 1513 1092 1544 diversos
1105 1510 1207 1543 caloris
1218 1511 1331 1542 aradus.
1350 1511 1444 1552 Hujus
1458 1508 1554 1552 scripti

315 1561 371 1591 hoc
388 1562 425 1592 est
439 1560 515 1592 velut
537 1560 723 1590 summarium
743 1582 752 1594 ‚
773 1558 840 1590 duas
857 1557 909 1588 effe
928 1559 1081 1600 prcecipuas
1096 1557 1169 1585 a'etis
1182 1566 1196 1584 a
1223 1555 1347 1584 cffiones
1361 1575 1371 1589 ,
1393 1563 1456 1595 quae
1476 1563 1553 1583 nunc

316 1608 453 1647 temporis
468 1604 529 1635 sunt
542 1614 619 1634 extra
630 1614 748 1633 omnem
757 1600 981 1633 controverfiam
997 1598 1104 1644 positar,
1113 1600 1281 1641 gravitatem
1293 1608 1396 1640 nempe
1408 1595 1484 1627 illius
1496 1617 1505 1630 ‚
1518 1598 1552 1626 δε

316 1646 461 1678 elaterium
475 1661 481 1678 :
499 1647 610 1690 pondus
621 1646 738 1690 quidem
753 1657 786 1676 cx
799 1644 860 1688 ipso
875 1647 1042 1675 Barometro
1055 1665 1062 1678 ,
1080 1641 1227 1672 elaterium
1239 1651 1305 1671 cum
1318 1652 1351 1671 ex
1365 1640 1427 1670 aliis
1439 1637 1552 1674 multis,

318 1700 378 1721 tum
393 1703 426 1721 ex
443 1691 566 1733 sclopeto
581 1692 762 1733 pneumarico
780 1688 998 1719 demonstratur.
1022 1686 1087 1716 Nec
1103 1684 1212 1726 semper
1225 1695 1295 1728 opus
1312 1684 1349 1715 est
1359 1682 1488 1724 syr-inge,
1505 1692 1552 1712 aut

318 1733 435 1764 embolo
451 1737 479 1764 in
496 1732 715 1777 comprimendo
735 1734 799 1762 a‘e're
816 1745 822 1762 ε
842 1730 886 1761 sed
900 1732 969 1761 varii
985 1729 1087 1760 caloris
1102 1740 1148 1759 aut
1161 1728 1274 1770 frigoris
1294 1726 1396 1770 gradus
1414 1725 1442 1756 id
1458 1724 1552 1768 ipsum

317 1776 485 1819 plerumque
502 1778 630 1819 praestant
644 1790 653 1807 ;
672 1775 743 1806 adeo
758 1786 787 1804 ut
802 1777 850 1805 a‘er
868 1773 950 1804 nobis
965 1772 1152 1803 circumfusus
1173 1774 1260 1813 magis
1273 1779 1415 1812 prematur
1433 1768 1528 1798 bieme
1540 1789 1551 1802 ,

317 1819 404 1862 qulim
421 1821 510 1850 aestate
522 1842 530 1854 ‚
550 1831 581 1849 ac
596 1819 657 1859 plus
673 1822 745 1849 a‘c‘ri5
759 1829 869 1848 certum
885 1815 1032 1858 quoddam
1049 1814 1167 1859 spatium
1182 1839 1190 1852 ‚
1210 1812 1368 1855 cujusmodi
1382 1811 1419 1842 cst
1434 1810 1553 1854 Sphaera

317 1865 406 1893 vitrea
418 1885 426 1898 ,
443 1862 570 1892 sau-ieme
586 1862 678 1892 hieme
691 1861 778 1905 quam
793 1861 891 1891 :xstatis
909 1861 1045 1902 temporis
1059 1869 1198 1900 occuper,
1215 1868 1248 1888 ac
1261 1855 1365 1898 globus
1380 1855 1437 1898 ipse
1451 1855 1553 1885 hiemis

317 1917 447 1948 tempore
461 1909 572 1948 gravior
587 1904 618 1935 lit
632 1905 717 1945 quam
732 1907 759 1934 in
775 1904 839 1935 aestu
858 1902 970 1933 fervido
984 1927 991 1937 ,
1010 1912 1075 1933 cum
1093 1904 1140 1931 a'e‘r
1154 1904 1243 1943 magis
1260 1899 1404 1931 dilatatur.

365 1952 388 1979 V
404 1951 414 1979 I
430 1952 452 1979 l.
493 1951 561 1979 Hoc
583 1950 680 1988 utiquc
706 1949 788 1976 variis
818 1945 1034 1989 comprobatum
1057 1945 1109 1974 fuit
1134 1946 1334 1987 experimentis
1359 1942 1374 1971 a
1394 1942 1435 1972 D.
1454 1943 1552 1973 Hom4

316 1991 385 2034 berg
397 1991 485 2022 factis.
502 1990 633 2021 Globum
644 1992 765 2021 vitreum
778 1994 855 2030 cujus
865 1990 1000 2019 diameter
1011 1999 1067 2018 erar
1087 1999 1123 2017 20
1137 1986 1276 2030 pollicum
1290 2009 1299 2022 ,
1318 1985 1364 2016 vel
1388 1986 1499 2016 circiter
1519 1987 1549 2014 in

316 2036 446 2066 machina
467 2037 643 2078 pneumatica
669 2035 827 2063 exinanivit
859 2032 957 2062 aestms
985 2041 1112 2074 tempore
1141 2031 1202 2074 post
1230 2042 1281 2068 ¹30
1307 2027 1416 2060 emboli
1442 2031 1496 2058 itus
1517 2029 1549 2056 δε

316 2079 442 2113 machin,
461 2090 521 2109 tum
539 2076 645 2107 bilanci
666 2075 801 2120 appensus
822 2075 859 2105 cst
882 2088 887 2105 :
909 2085 975 2104 mox
999 2073 1149 2116 epistomio
1175 2084 1293 2116 aperto,
1315 2084 1346 2103 ut
1367 2070 1469 2101 subiret
1487 2071 1549 2108 aer,

316 2122 423 2152 reditus
436 2121 471 2153 ad
489 2120 609 2154 eandem
628 2120 737 2151 lancem
759 2119 798 2150 est
818 2117 955 2164 appensus
976 2129 984 2152 3
1004 2126 1066 2148 tum
1081 2127 1153 2149 vero
1174 2115 1282 2148 duabus
1304 2117 1396 2146 unciis
1415 2123 1480 2144 cum
1503 2111 1548 2144 sc-

314 2167 416 2197 iterum
