1638 2345
220 167 307 195 Am«.

217 211 297 247 1678.

331 131 383 157 172
645 118 828 151 REGIAE
865 117 1278 152 SCIENTIARUM

329 173 418 204 eaque
437 163 499 206 post
516 173 625 194 certum
639 173 789 193 numerum
805 160 1035 199 revolutionum,
1047 173 1117 204 quas
1130 162 1166 193 ad
1177 162 1317 195 calculum
1333 167 1498 201 revocavit,
1509 163 1566 207 pe?

329 206 445 236 riodum
469 206 546 237 suam
566 205 699 237 absolvit.

369 251 457 280 VII.
485 250 527 280 D.
549 250 678 279 Ro'e'met
700 247 865 278 sententiam
886 247 962 278 suam
980 247 1014 278 de
1038 247 1153 279 luminis
1176 260 1257 279 mora
1283 248 1381 280 multis
1399 249 1558 281 rationibus

330 291 524 323 confirmavit.
551 294 607 322 His
630 303 722 322 tamen
746 302 804 320 non
829 293 952 321 omnino
967 290 1090 322 assentiri
1111 291 1186 321 visus
1206 293 1244 322 est
1267 293 1309 323 D.
1328 291 1447 324 cassini.
1471 293 1558 325 Unde

331 334 481 379 problema
494 334 566 366 illud
580 333 804 378 pulcherrimum
825 334 891 364 hinc
912 334 978 365 inde
1003 335 1040 365 cst
1060 337 1195 377 agitatum
1210 357 1218 369 ‚
1237 346 1288 365 nec
1300 347 1393 366 tamen
1406 335 1490 367 aliam
1502 339 1561 367 ini-

330 383 353 409 ri
379 382 453 408 viam
471 381 623 409 certiorem
651 375 738 420 posse,
757 388 812 419 qua
831 388 940 421 tempus
963 380 1177 421 propagationis
1201 378 1318 410 luminis
1331 379 1467 410 habeatur
1480 404 1490 419 ‚
1510 381 1561 412 in-

331 432 370 452 ter
394 433 495 452 omnes
520 432 591 465 pene
612 431 755 451 convenit.

368 467 477 496 VIII.
505 465 561 496 Die
584 466 670 494 tertio
695 467 725 494 &
748 474 850 506 quarto
869 465 942 494 Maii
960 473 1026 493 curn
1050 465 1130 494 Luna
1155 464 1220 495 esl'et
1244 476 1332 508 prope
1349 463 1507 507 supremam
1524 476 1558 495 ex

332 508 421 538 tribus
445 507 529 538 stellis
544 519 606 549 qua·
628 505 754 537 frontem
769 508 933 549 Scorpionis
954 505 1098 536 delineant
1113 529 1121 541 ‚
1140 508 1179 537 D.
1198 507 1307 539 castini
1322 507 1483 538 oblcrvavit
1496 519 1559 538 eam

332 550 440 581 stellam
460 550 606 594 duplicem
627 548 701 584 effe,
728 551 769 580 uti
793 552 821 579 ἃ
842 552 966 591 primam
986 549 1089 579 Arietis
1104 571 1114 583 ,
1139 553 1168 580 &
1187 562 1268 593 caput
1292 550 1368 581 illius
1400 562 1433 580 ex
1459 552 1561 581 Gemi-

333 597 375 624 nis
390 597 439 635 qui
453 593 574 625 alterum
585 595 724 623 antecedit
737 615 747 629 ‚
766 595 808 622 uti
820 596 848 622 ἃ·
860 591 927 622 alias
937 591 1071 633 quasdam
1083 603 1091 626 3
1103 603 1158 622 iiiia
1179 605 1212 623 cx
1223 597 1260 624 cis
1282 593 1396 625 alterius
1418 594 1456 624 est
1471 592 1558 636 dupla

334 640 366 667 ὅ(
394 637 570 679 splendidior
592 636 689 666 altera.

386 682 396 710 1
412 683 449 710 X.
479 681 537 710 Die
562 691 599 712 20
613 678 685 721 Julii
710 679 749 711 D.
766 677 874 709 Cass'ini
890 678 1119 722 planisphaeriuin
1131 679 1260 710 exhibuit
1275 681 1305 711 iii
1316 690 1374 721 quo
1392 677 1477 710 stella:
1492 689 1559 710 om-

334 735 383 754 nes
406 722 529 754 visibiles
546 724 576 753 in
601 723 697 753 nostro
711 722 826 753 climate
840 721 1036 752 describuntur
1048 745 1057 757 ‚
1083 733 1200 765 qua-que
1213 733 1261 764 per
1281 722 1401 764 globum
1415 722 1561 754 coelestem

335 765 397 797 fieri
418 765 509 797 solent
521 767 701 809 operationes
715 787 723 799 ‚
742 765 829 805 longe
849 775 914 795 com
938 763 1089 795 endiosiori
1109 765 1250 795 methodo
1273 769 1302 795 in
1315 777 1349 795 eo
1364 764 1564 808 perficiuntur.

337 808 433 840 Stellae
455 821 569 853 quoque
584 819 678 839 recens
691 808 808 838 detectae
822 809 887 838 huic
904 820 920 850 p
935 807 1101 849 anisphaerio
1116 810 1177 838 sunt
1190 807 1345 851 insculptae.
1369 809 1445 850 Regi
1458 804 1562 839 Chris-

335 851 490 884 tianiffimo
514 856 544 883 &
568 850 750 882 Serenissiino
775 853 898 882 Francia:
924 850 1075 892 Delphino
1098 851 1192 894 postea
1206 850 1235 881 id
1259 850 1385 886 obtulit,
1401 854 1451 895 qui
1474 850 1561 891 juffe-

334 906 401 927 tunt
418 908 448 927 iit
464 895 515 926 sibi
538 895 597 925 duo
614 906 647 924 ex
660 905 775 936 argento
795 905 968 936 pararentur.
988 896 1028 924 Eo
1048 905 1160 937 quoque
1173 905 1248 923 :inno
1262 895 1448 925 institutiones
1460 894 1561 925 Astro-

334 942 465 970 nomicas
475 961 484 974 ,
507 938 552 969 seu
570 938 775 980 compendium
788 937 979 968 Astronomiae
993 936 1189 972 elucubravit,
1203 947 1260 979 quo
1270 939 1368 968 omnia
1380 947 1441 979 quae
1457 941 1487 969 in
1498 948 1562 968 coe-

336 981 366 1012 lo
381 981 443 1013 sunt
459 993 508 1024 per
525 980 710 1023 telcscopium
728 979 922 1023 deprehensa,
942 982 1135 1011 continentur.

369 1028 414 1057 Χ.
437 1027 478 1057 D.
500 1025 630 1055 Ro'emer
647 1027 761 1054 ineunte
780 1021 873 1065 Aprili
887 1023 1047 1053 machinam
1067 1023 1196 1055 exhibuit
1215 1023 1230 1054 Ξ
1251 1024 1276 1055 se
1291 1027 1450 1060 inventam,
1462 1026 1492 1055 in
1507 1035 1563 1067 qua

336 1071 472 1100 Saturnus
495 1079 560 1098 cum
581 1065 687 1098 annulo
712 1066 761 1096 suo
787 1070 817 1097 δέ
841 1069 900 1107 ejus
927 1065 1091 1097 Satellitum
1114 1066 1353 1109 configurationes
1373 1078 1528 1098 cernuntur
1551 1089 1563 1104 ‚

337 1124 425 1155 eaque
439 1114 539 1142 omnia
558 1123 607 1154 per
624 1121 699 1142 rotas
712 1109 857 1143 dentatas,
877 1120 935 1139 uno
951 1109 1108 1152 eodemque
1124 1121 1204 1141 motu
1225 1109 1398 1142 cfficiuntur.
1414 1112 1502 1141 Anno
1517 1109 1562 1142 su-

338 1158 444 1198 periori
465 1155 549 1186 aliam
573 1155 734 1184 machinam
759 1151 919 1184 conse-&am
941 1164 1110 1189 curaverat,
1131 1155 1161 1183 in
1183 1164 1239 1195 qua
1265 1154 1349 1195 Jovis
1373 1153 1513 1185 satellites
1530 1157 1562 1186 &c

336 1210 439 1230 eorum
461 1197 702 1239 configurationes
718 1197 941 1238 conspiciuntur.
965 1197 1047 1236 Qin
1069 1199 1099 1227 &
1123 1208 1157 1227 eo
1181 1196 1242 1239 ipso
1257 1208 1386 1240 tempore
1411 1196 1497 1228 aliam
1510 1196 1563 1227 de-

337 1240 455 1272 lineavit
471 1241 632 1271 machinam
652 1239 809 1270 admodum
822 1237 978 1281 simplicem
993 1261 1002 1274 ,
1022 1250 1140 1281 qumque
1155 1241 1238 1269 instar
1253 1250 1450 1283 perpttuarum
1467 1239 1564 1282 Ephe.'

337 1284 482 1316 meridum
507 1283 560 1314 effe
578 1283 671 1326 potest
687 1305 694 1316 ,
721 1293 751 1312 iit
772 1285 873 1325 quovis
887 1293 1035 1313 momento
1054 1281 1132 1312 locus
1155 1285 1184 1313 &
1203 1293 1298 1313 motus
1317 1280 1450 1325 cujusque
1464 1282 1564 1326 plane-

339 1338 373 1358 tae
395 1330 576 1358 inveniantur
592 1349 600 1362 ‚
624 1325 694 1356 nodi
713 1336 847 1367 quoque,
868 1328 1092 1356 excentricitatcs
1106 1347 1114 1360 ,
1136 1325 1266 1356 stationes
1287 1328 1316 1356 ὅ(
1343 1325 1564 1367 retrogradatio..

339 1382 399 1402 ηας.
441 1372 618 1414 Praecipuum
646 1370 729 1399 huius
749 1368 887 1399 machinae
905 1366 1058 1398 artificium
1077 1371 1106 1398 in
1126 1371 1225 1399 conica
1248 1379 1373 1399 rotarum
1394 1366 1483 1415 figura
1493 1380 1565 1400 con-

338 1413 405 1445 fistit
426 1436 435 1449 ,
458 1426 513 1458 qua
536 1411 656 1444 efficitur
676 1423 706 1442 ut
727 1422 822 1441 motus
841 1410 989 1452 aequabilis
1007 1415 1037 1442 &
1064 1412 1104 1441 sui
1124 1410 1222 1442 siinilis
1245 1411 1337 1442 videri
1357 1411 1441 1455 pollit
1465 1412 1565 1443 admo-

339 1457 412 1491 dum
434 1456 602 1499 inarqualis‚
624 1457 665 1486 uti
682 1454 818 1485 omnibus
837 1465 934 1485 coram
954 1454 1085 1485 ostendit.

379 1503 407 1531 X
423 1502 445 1530 1.
473 1501 555 1532 Cum
579 1499 652 1530 illud
672 1501 701 1528 in
722 1497 968 1529 observationibus
990 1497 1201 1529 Astronomicis
1217 1497 1338 1541 perutile
1358 1498 1496 1541 judicaret
1522 1498 1563 1529 D.

339 1543 418 1575 dela
442 1545 530 1579 Hire,
550 1554 580 1574 ut
595 1545 640 1573 via
659 1541 790 1584 expedita
812 1543 845 1571 iis
869 1540 1044 1572 delineandis
1063 1552 1126 1584 quae
1148 1544 1177 1572 iri
1202 1540 1279 1571 coelo
1307 1552 1356 1584 per
1381 1540 1565 1585 telescopium

341 1585 552 1629 conspicimustl,
573 1587 766 1628 reperiretur,
797 1583 875 1626 quod
896 1586 919 1614 is
942 1587 1071 1627 corporis
1093 1584 1205 1615 habitus
1226 1586 1257 1615 in
1275 1594 1332 1626 quo
1356 1586 1499 1615 intuemur
1515 1594 1565 1627 per

341 1629 441 1660 tubum
464 1632 592 1672 opticiim
606 1651 615 1664 ‚
646 1627 728 1658 rebus
753 1627 816 1669 ipsis
838 1625 1013 1658 delineandis
1036 1627 1156 1658 minime
1178 1626 1209 1658 fit
1233 1626 1491 1662 accommodatus;
1514 1627 1566 1658 sae·

340 1675 404 1715 pius
425 1676 503 1703 enim
524 1674 547 1702 is
571 1671 721 1702 mutandus
746 1670 803 1705 est,
829 1680 913 1711 caput
945 1669 1051 1700 sursum
1071 1670 1240 1701 deorsumve
1259 1669 1437 1701 movendum
1461 1692 1471 1705 ,
1491 1670 1564 1701 adeo

339 1726 372 1746 ut
393 1727 485 1746 rerum
498 1714 676 1756 objectarum
700 1715 836 1755 imagines
857 1712 939 1743 facile
961 1712 1168 1748 obliterentut,
1189 1724 1219 1744 ac
1243 1724 1347 1755 magno
1359 1715 1495 1756 temporis
1508 1712 1567 1743 dis-

340 1758 447 1801 pendio
465 1757 545 1788 rudes
566 1762 595 1789 &
613 1757 789 1800 iinperchlae
807 1767 903 1786 retum
922 1758 1059 1799 imagines
1079 1756 1293 1789 adumbrentur.
1318 1758 1417 1795 Qarc
1431 1756 1497 1788 huic
1519 1758 1566 1787 in-

339 1801 496 1832 commodo
516 1801 624 1831 mederi
645 1799 736 1830 voluit
758 1811 811 1841 ope
831 1799 938 1842 speculi
959 1799 1094 1830 nactallici
1122 1804 1152 1831 &
1179 1798 1275 1842 plani,
1297 1798 1376 1840 quod
1402 1801 1475 1830 inter
1496 1809 1566 1829 oeu-

340 1843 401 1875 lum
427 1848 457 1875 &
474 1847 580 1874 vitrum
601 1842 714 1873 oculare
738 1841 858 1885 politum
874 1841 909 1873 fic
933 1845 1057 1886 aptavit,
1079 1853 1110 1873 ut
1134 1842 1270 1884 angulum
1290 1853 1324 1881 45
1346 1842 1483 1884 graduum
1499 1853 1566 1873 cum

340 1899 391 1918 axe
414 1886 475 1918 tubi
504 1885 636 1918 efficeret.
662 1888 709 1916 Sic
733 1888 811 1916 enirn
834 1887 928 1916 cicero
945 1897 1064 1928 corpore
1088 1889 1118 1916 δε
1143 1888 1232 1927 capite
1258 1897 1299 1915 res
1327 1887 1447 1925 objcCtae
1467 1889 1494 1916 in
1515 1884 1566 1916 situ

343 1930 461 1962 naturali
483 1940 642 1972 apparent,
665 1932 693 1958 δέ
715 1927 825 1958 facilius
840 1927 1027 1960 delineantur.
1048 1928 1138 1969 Qod
1159 1927 1177 1959 si
1197 1927 1283 1958 ambo
1301 1929 1376 1958 oculi
1392 1928 1427 1958 fic
1442 1932 1566 1973 aperian-

343 1984 407 2008 tur,
432 1985 463 2005 ut
481 1984 540 2003 uno
559 1975 666 2016 pie-“tura
689 1969 748 2014 ipsa
768 1971 849 2001 lincis
868 1970 991 2013 <xpi-'cliii
1010 1994 1018 2007 ‚
1043 1971 1132 2002 altero
1151 1983 1193 2002 rcs
1219 1971 1333 2011 objecta
1355 1970 1507 2014 rtlescopio
1522 1973 1566 2000 vi-

343 2017 463 2054 deatur,
479 2026 570 2058 partes
586 2025 704 2057 quaeque
724 2017 763 2043 rei
786 2013 907 2053 objcc‘hr
921 2017 987 2044 vitri
1009 2014 1132 2045 ocularis
1153 2026 1252 2045 centro
1269 2017 1404 2056 pzoximae
1426 2017 1453 2043 in
1475 2013 1566 2043 linea-

344 2071 402 2089 reni
418 2059 637 2100 descriptionem
659 2056 740 2088 facile
762 2056 1005 2092 transmittentur,
1034 2058 1156 2101 expicssssi
1180 2057 1253 2089 illitis
1274 2060 1370 2100 imago
1395 2056 1565 2092 liabzbiiur,

344 2114 401 2134 non
421 2102 537 2133 confusa
555 2105 585 2133 &
611 2100 686 2133 male
708 2099 854 2133 delineam.
