1638 2345
276 115 569 146 ACADEMIAE
605 115 916 146 HISTORIA.
953 116 1086 145 Lrss.1.
1285 127 1310 154 53

87 156 141 188 effe
160 161 265 188 rectam
288 161 308 188 B
336 160 363 188 D
376 181 385 194 ,
403 158 555 190 absurdum
578 170 611 189 ex
628 170 662 188 co
683 158 869 200 consequatur
893 157 1000 188 neceffe
1019 158 1065 187 cst.
1085 159 1162 188 Cum
1174 162 1250 189 enirn
1265 170 1310 189 na·
1359 160 1430 187 Geo-

88 211 148 231 tura
169 201 241 232 nihil
262 201 509 232 indeterminatum
526 213 573 232 aut
598 199 784 232 indefinitum
799 204 936 245 patiatur,
961 200 980 231 fi
999 203 1074 231 recta
1094 203 1114 230 B
1141 203 1170 230 D
1194 215 1223 233 ut
1237 203 1311 233 linea
1325 206 1431 234 metrica

85 243 252 276 directionis
276 244 411 280 sumatur,
433 256 496 287 quae
516 256 583 275 cum
598 244 824 275 semi-diametro
839 243 975 286 angulum
1003 245 1032 273 D
1050 246 1070 274 B
1088 246 1114 274 A
1136 243 1242 280 efficit,
1262 257 1312 275 eo-

86 285 152 317 dem
175 291 234 327 jure
251 288 324 319 linea
348 291 368 318 B
391 291 412 319 F„
436 299 498 329 qua·
518 288 654 330 angulum
676 290 697 318 E
717 290 738 318 B
756 289 782 318 A
808 299 874 319 cum
894 287 1103 318 semidiametro
1128 288 1154 317 A
1183 290 1204 317 B
1224 299 1314 330 aequa-

85 328 143 360 lem
165 331 194 360 D
216 334 236 362 B
260 333 285 362 Α
311 331 416 366 efficit,
442 331 516 362 linea
535 343 649 376 quoque
665 331 830 363 directionis
853 331 946 361 futura
968 333 1024 362 est:
1045 330 1118 361 adeo
1138 342 1168 362 ut
1186 330 1238 362 fint
1252 332 1314 362 duae

85 374 227 413 ejusmodi
249 374 329 405 lineae
354 385 467 416 ‚neque
492 374 549 405 ulla
572 374 604 406 fit
626 378 697 405 ratio
723 386 773 406 cur
799 385 855 405 una
878 377 970 418 potius
997 373 1083 415 quiam
1108 373 1193 404 altera
1215 374 1314 417 seliga-

86 425 138 446 tur.
156 417 246 458 Qod
267 420 364 460 utique
379 417 530 448 absurdum
551 419 648 455 est‚ut
667 416 720 448 sint
745 417 808 448 dua:
824 417 989 448 directionis
1013 417 1105 447 lineae.
1133 419 1173 448 Ex
1197 430 1254 462 quo
1272 418 1315 448 se-

84 462 180 499 quitur
197 472 256 491 non
277 460 361 491 aliam
378 459 507 503 affignati
528 460 605 504 poffe
626 461 791 492 directionis
811 460 916 491 lineam
939 470 1038 502 praeter
1063 461 1084 489 B
1101 460 1127 489 C
1145 472 1207 504 quae
1224 473 1257 491 an
1281 474 1315 492 u-

93 501 155 532 lurn
191 506 301 534 testum
330 504 550 545 comprehendit
583 515 648 534 cum
684 504 892 535 semidiametro
921 502 1028 534 circuli.
1079 505 1120 534 Ex
1157 516 1214 547 quo
1242 505 1261 534 il
1277 504 1315 535 ud

84 556 198 589 quoque
207 547 380 591 consequens
388 548 425 577 est
439 547 511 577 hanc
521 548 710 579 directionem
719 551 747 578 in
757 546 887 591 quolibet
896 545 1118 578 eircmiferentiae
1130 550 1237 590 puncto
1248 559 1315 579 mu-

87 598 150 619 tari.

117 634 155 662 V.
183 633 273 674 Qod
299 633 318 665 fi
336 633 516 665 mobileziG
539 638 567 665 in
589 636 609 664 Β
638 633 725 664 lattun
754 636 783 664 in
813 636 920 677 puncto
943 636 964 663 B
988 633 1236 666 circumferentiam
1260 639 1316 667 cir-

84 673 141 704 culi
156 674 315 712 desereret,
336 689 385 720 per
407 676 511 707 lineam
539 679 559 707 B
582 678 608 708 C
629 680 657 707 vi
674 677 756 717 hujus
771 676 963 720 impressionis
976 674 1143 707 deferretur.
1161 680 1235 717 Qae
1249 690 1314 710 cum

80 719 348 760 tangar‘circulum
376 742 386 755 ‚
420 721 475 750 hoc
510 731 646 763 tanquam
678 723 766 763 princi
791 724 849 751 ium
883 722 1058 752 inventionis
1090 725 1159 762 poni
1190 723 1279 764 potest
1303 745 1314 758 ‚

84 762 113 790 in
135 762 267 793 omnibus
288 763 368 794 lineis
386 767 480 794 curvis
502 775 668 806 tangentem
694 762 748 793 csse
769 734 874 794 lineam
899 764 1065 794 directionis
1089 764 1207 802 motus,
1229 778 1314 808 quem

84 803 194 834 mobile
215 804 319 836 lineam
333 818 449 838 curvam
475 806 636 837 describens
657 810 687 837 in
709 818 742 837 eo
768 809 874 850 punito
896 807 1024 837 obtinet:
1054 806 1125 836 adeo
1142 819 1172 838 ur
1190 811 1218 838 in
1235 820 1314 840 motu

84 847 162 878 varie
183 848 342 892 compofiro
363 851 529 882 directionis
552 850 626 881 linei
648 853 762 893 cognita
776 872 784 885 ‚
809 861 925 893 tangens
941 861 1055 893 quoque
1073 861 1102 879 ea
1126 854 1236 881 ratione
1251 863 1315 894 per-

83 890 176 933 spetsta
191 891 328 926 habeatur
344 908 351 926 ι
377 892 550 937 compositus
574 893 644 925 verb
663 893 766 925 dicitur
783 905 880 924 motus
894 915 903 930 ‚
925 904 991 924 curn
1008 895 1090 923 variae
1110 894 1171 924 sunt
1196 894 1314 926 mobilis

83 933 290 977 impreffiones.

114 979 193 1008 Turn
209 978 297 1009 multa
310 984 446 1022 proponit
459 980 635 1011 theoremata
650 983 680 1011 &
693 979 870 1024 problemata
888 979 923 1010 de
937 979 1063 1010 motibus
1080 977 1243 1022 compositis
1252 991 1313 1022 quae

83 1018 204 1063 longum
213 1021 278 1052 esset
287 1033 439 1065 pertexere.
455 1025 577 1054 Motum
590 1035 707 1054 ornnem
724 1022 893 1065 aequabilem
905 1024 950 1052 seu
963 1021 1137 1053 uniformem
1152 1025 1182 1052 &
1206 1024 1314 1054 rectum

84 1067 197 1106 concipi
219 1063 298 1108 poffe
314 1067 370 1100 ait,
386 1066 432 1096 vel
446 1076 477 1097 ut
489 1065 646 1109 simplicem
658 1088 668 1101 ,
680 1065 767 1097 velut
787 1077 820 1096 ex
841 1065 902 1096 aliis
919 1064 1117 1108 compositurn-
1136 1066 1230 1107 Atque
1246 1066 1315 1096 hinc

83 1104 271 1139 reflexionum
290 1111 320 1138 δε
348 1109 553 1139 τεῖιειᾶίοηυῑη
589 1113 712 1139 rationes
737 1108 862 1139 deducit.
885 1108 996 1139 Verum
1020 1109 1081 1139 haec
1106 1111 1137 1138 &
1158 1109 1212 1138 alia
1234 1108 1315 1150 plura

83 1148 147 1179 satis
165 1151 330 1186 recondita,
348 1161 413 1181 cum
431 1156 490 1190 jam
523 1153 615 1193 Typis
649 1151 748 1182 excusa
772 1151 988 1186 fuerint,inanis
1000 1151 1065 1181 esset
1081 1150 1163 1181 labor
1172 1151 1266 1181 noster
1284 1156 1314 1182 in

83 1193 118 1222 iis
144 1192 355 1229 exscribendis,
369 1206 400 1226 ac
421 1195 484 1226 satis
508 1193 580 1226 illud
603 1194 687 1226 fuerit
702 1195 736 1225 ad
756 1195 912 1226 institutum
927 1195 1052 1225 nostrum
1072 1193 1120 1225 illa
1140 1192 1283 1225 indicasse.

81 1278 1311 1362 {}{}{}{}{}{}{}{}{}{}{}{{}{}{}{}{}{}{}{}{}{}

305 1398 554 1446 SECTI
583 1401 629 1446 O
685 1396 1032 1468 QUARTA.

496 1504 558 1544 De
582 1498 711 1546 „Astis
741 1509 857 1548 1669.

79 1595 164 1673 A
179 1598 200 1627 B
225 1597 432 1629 Astronomicis
449 1597 584 1628 ducemus
601 1597 751 1628 exordium
765 1620 774 1633 ‚
799 1597 906 1629 tametsi
930 1597 961 1628 dt
969 1597 1075 1640 signato
1094 1597 1211 1641 quidem
1224 1620 1232 1633 ,
1258 1597 1305 1628 secl

176 1640 307 1671 nondum
324 1641 464 1672 exstructo
486 1641 694 1672 Observatorio
714 1652 771 1672 non
795 1640 866 1672 adeo
883 1641 970 1672 multa
989 1643 1114 1673 fuerunt.

53 1473 97 1482 rx

379 1757 642 1795 CAPUT
696 1758 1015 1796 PRIMUM.

285 1849 337 1878 De
366 1843 551 1894 quibusdam
570 1842 838 1891 observationibus
858 1842 1089 1891 Astronomicis.

81 1929 152 2007 LI
169 1928 275 1959 Nterea
295 1933 432 1973 temporis
451 1935 535 1962 variae
553 1929 763 1961 observationes
778 1931 984 1961 Astronomicae
1003 1927 1083 1960 factae
1098 1928 1160 1959 sunt
1178 1931 1207 1958 in
1225 1930 1302 1958 Hor-

164 1982 194 2001 to
215 1972 313 2014 Regiae
335 1972 520 2004 Bibliotheca:
537 1996 546 2008 ‚
577 1973 707 2004 nondum
728 1973 866 2004 exstructo
889 1972 1108 2003 Observatorio.
1137 1973 1178 2001 D.
1201 1970 1301 2000 Picard

79 2025 141 2057 quae
159 2013 174 2043 εὶ
190 2018 284 2057 primo
306 2016 353 2046 die
377 2016 478 2047 mensis
496 2015 637 2047 Octobris
662 2019 728 2047 anni
758 2022 846 2056 1667.
872 2015 958 2059 usque
977 2015 1013 2045 ad
1032 2015 1154 2045 eundem
1174 2012 1300 2043 mensem

80 2063 146 2089 anni
160 2059 330 2101 insequentis
349 2059 510 2090 meridiana:
534 2059 609 2090 Solis
636 2058 797 2090 altitudines
817 2059 971 2090 observatae
994 2056 1118 2091 fuerint,
1141 2055 1299 2090 recensuit,

81 2113 175 2145 cneque
195 2106 225 2135 in
239 2104 461 2134 commentarios
478 2102 586 2134 collatae
607 2100 729 2135 fuerunt.
1090 2144 1115 2172 G

1133 2153 1162 2183 ll]
