1638 2345
330 141 393 177 336
651 130 821 167 REGIAE
857 131 1235 165 SCIENTtARUM

211 185 302 215 ANN.
327 183 435 218 integra
454 187 519 210 cum
541 186 619 222 parte
641 178 720 208 illius
743 174 852 219 lignosa
888 188 922 206 ua
946 175 1025 218 ligno
1049 176 1158 207 arboris
1174 177 1333 210 ,idhaetcbar
1348 205 1355 214 ,
1376 178 1559 218 detrahiturj

215 233 304 263 1694.
328 228 359 256 &
379 216 478 255 cortici
500 222 610 253 arboris
633 224 662 251 in
679 219 805 250 formam
821 220 849 249 T
895 218 933 249 (so
947 244 956 257 ,
974 219 1044 250 dum
1063 218 1144 251 succo
1167 231 1279 256 tumet,
1301 222 1456 265 applicatur
1471 239 1478 255 ι
1492 237 1559 257 cor-

327 271 382 298 tice
402 270 439 299 ita
463 263 525 296 fisso
545 275 659 308 gemma
682 262 730 294 seu
751 263 860 294 scutum
879 262 1029 294 obducitur
1051 288 1060 302 ‚
1082 266 1112 294 ὅ(
1139 263 1265 294 cannah:
1289 264 1397 308 depexa
1417 266 1558 310 alligatur.

327 313 432 342 Succus
452 311 523 340 rami
541 320 590 351 per
603 318 749 351 gemmam
769 306 836 337 scuti
848 305 956 336 delatus
974 318 1063 336 ovum
1076 310 1105 337 in
1122 318 1234 349 gemma
1249 307 1415 339 conclusum
1438 308 1515 342 fovet
1529 314 1560 342 δε

325 354 475 387 excludit,
499 351 569 382 dum
590 355 651 391 ejus
672 350 743 381 folia
761 347 932 392 complicata
951 349 1071 382 evolvit.

367 400 414 428 Sic
434 406 514 426 ramo
528 394 628 426 leniter
643 392 706 425 fisso
728 392 851 425 surculus
866 391 1007 428 inseritur,
1025 392 1113 436 vulgo
1130 393 1230 434 Grtffer
1242 394 1365 434 enfenfe.
1378 395 1498 425 Trunco
1515 407 1560 428 aui

326 442 429 480 majori
449 450 530 470 ramo
552 437 660 470 arboris
681 437 716 469 ad
732 435 859 468 libellam
873 457 883 471 ‚
906 434 952 467 scu
967 435 1188 468 horizontaliter
1204 435 1280 467 sesto
1305 435 1429 467 surculus
1447 438 1561 470 alterius

325 482 435 513 arboris
451 484 483 513 in
505 482 578 513 hanc
597 480 722 512 fissuram
737 478 868 512 inseritur
880 504 890 519 ,
909 481 940 510 in
959 482 1042 510 cunci
1068 479 1191 510 formam
1207 478 1357 522 paululum
1378 481 1479 512 incisus
1495 505 1505 518 ,
1530 485 1563 514 ὅ(

329 525 439 569 aliquot
462 528 587 568 gemmis
608 524 706 555 foetus.

370 571 413 599 Ita
434 568 557 599 surculus
573 567 727 603 inseritur,
749 577 780 598 ut
806 577 903 597 cortex
922 569 982 608 ejus
1015 566 1116 597 cortici
1136 567 1231 596 trunci
1258 564 1438 608 respondeat.
1465 570 1564 600 Trun-

325 623 376 643 cus
396 615 474 643 enim
505 610 581 642 fiffiis
599 610 703 643 elatere
734 609 784 641 suo
809 609 952 641 surculum
975 607 1090 640 insitum
1113 611 1216 652 premit
1243 630 1253 644 ,
1284 611 1315 639 δε
1336 607 1432 640 succus
1453 611 1569 643 arbone

327 656 392 686 vasa
415 653 518 686 surculi
535 654 630 690 subit,
651 664 782 697 gemmas
801 655 860 695 ejus
873 652 1003 696 explicat.
1028 652 1110 683 Idem
1127 651 1222 683 succus
1242 653 1274 681 in
1289 663 1375 695 poros
1398 653 1499 685 surculi
1521 654 1563 685 ef-

325 697 403 730 fusus
419 697 507 730 fibras
525 698 583 728 unii
603 700 754 740 conjungit
775 699 806 727 &
829 699 903 726 inter
920 697 947 726 se
966 705 1067 726 mutuo
1080 695 1116 726 fic
1133 694 1313 738 agglutinat,
1334 705 1364 726 ut
1379 695 1395 727 ὲ
1409 707 1511 728 trunco
1530 701 1562 730 δε

326 740 441 772 surculo
455 753 545 772 unum
563 745 593 772 ὃ(
609 740 688 772 idem
704 750 810 782 corpus
828 738 976 770 coalescat.

371 787 460 817 VII.
498 786 629 828 Tempus
646 795 744 828 aptum
765 783 802 813 cst
827 780 975 817 ini—itioni,
995 793 1061 813 cum
1081 781 1183 813 surculi
1203 793 1325 824 gemma:
1347 783 1477 815 nondum
1501 784 1563 816 sunt

327 827 471 871 explicatae
488 841 495 858 ι
513 829 560 858 Sic
583 830 662 858 enim
683 839 757 857 nova
781 828 841 865 ejus
862 823 931 856 folia
958 824 1094 856 alimento
1115 825 1244 857 fraudata
1270 825 1352 856 facile
1373 826 1563 860 tabescerent:

327 882 395 902 nam
414 871 509 902 succus
527 869 636 902 arboris
653 874 683 901 in
698 869 760 900 vasa
781 867 883 898 surculi
906 866 989 898 facile
1006 880 1064 898 non
1079 868 1153 900 subit
1174 871 1273 911 primis
1290 868 1431 900 insitionis
1449 870 1563 907 diebus,

329 925 412 955 atque
429 915 484 943 hoc
496 917 632 956 temporis
651 912 687 944 fic
706 912 779 944 folia
797 908 909 953 potsunt
923 910 1102 944 marcescere.
1127 913 1184 942 Sed
1197 922 1292 943 tamen
1311 912 1456 943 interdum
1469 917 1563 945 evenit

330 967 361 986 ut
381 957 475 986 succus
496 959 615 998 agitatus
639 959 779 997 majorem
802 953 842 985 sui
862 956 974 995 copiam
990 954 1147 997 suppeditet
1161 976 1169 989 ‚
1193 958 1224 985 δι
1242 953 1336 986 insitio
1352 954 1437 998 paulo
1458 956 1567 988 tardius

330 998 404 1030 faeta
419 999 491 1029 bene
512 999 645 1043 procedat
662 1013 668 1031 ε
688 998 765 1030 uude
782 1008 847 1028 cum
863 1007 983 1038 geinmae
1000 996 1026 1027 se
1045 996 1071 1027 se
1088 997 1223 1029 evolvere
1241 1000 1405 1040 incipiunt,
1428 1002 1459 1030 &
1473 1002 1566 1031 trunci

329 1042 435 1074 itidem
457 1042 552 1072 succus
568 1045 597 1073 in
612 1053 694 1073 motu
710 1041 749 1073 est
768 1039 870 1086 pofirus
884 1061 894 1075 ,
915 1050 976 1071 tum
990 1051 1185 1083 opportunum
1205 1040 1466 1073 videtutinfitionis
1491 1054 1566 1075 tem.

331 1097 392 1128 pus.
418 1089 568 1118 Truncum
583 1086 690 1117 festum
704 1088 765 1129 pice
788 1084 887 1114 leviter
907 1082 1111 1115 obducendum
1131 1084 1225 1115 censet
1248 1085 1288 1115 D.
1309 1085 1509 1121 Teumeson,
1532 1090 1565 1118 δε

329 1140 396 1171 pais
418 1129 540 1165 surculi,
563 1142 623 1171 quse
644 1128 769 1160 fissuram
779 1126 863 1162 subit,
882 1126 1003 1169 tegenda
1019 1141 1024 1158 :
1046 1138 1105 1157 non
1125 1126 1226 1171 probat
1240 1127 1439 1170 cataplasmata
1453 1141 1515 1172 quae
1530 1140 1566 1160 ex

331 1171 431 1214 argilla
452 1176 484 1204 ὃς
512 1173 609 1204 musco
631 1175 726 1217 parari
745 1170 860 1206 solent,
879 1180 946 1200 cum
965 1181 1037 1214 aqua
1057 1169 1105 1201 illa
1130 1182 1258 1214 penetret
1278 1174 1309 1202 &
1327 1170 1500 1204 infestorum
1515 1181 1568 1216 pag

331 1225 410 1246 teant
439 1218 560 1256 injuriis.

375 1259 524 1289 Postremo
545 1258 687 1289 resecandi
712 1258 775 1289 sunt
793 1261 983 1300 germinantes
1007 1259 1037 1288 in
1057 1268 1159 1288 trunco
1182 1257 1283 1289 surculi
1304 1271 1312 1290 z
1338 1269 1407 1290 nam
1426 1258 1499 1291 succi
1519 1263 1566 1291 in-

330 1311 432 1331 corum
455 1300 517 1331 vasa
536 1301 694 1343 proclivior
718 1301 755 1330 est
773 1311 874 1331 morus
886 1322 896 1336 ,
920 1312 952 1330 ac
970 1299 1120 1330 deflectere
1137 1304 1248 1342 cogitur
1264 1323 1274 1336 ‚
1288 1313 1318 1332 ut
1341 1305 1370 1332 in
1379 1305 1447 1332 novi
1464 1302 1565 1334 surculi

331 1344 396 1373 vasa
410 1355 553 1374 commeet
567 1366 576 1378 ,
599 1343 658 1374 fere
677 1353 710 1373 ut
731 1345 761 1371 in
783 1342 952 1373 anirmlium
971 1341 1137 1374 vulneribus
1150 1365 1159 1377 ‚
1186 1343 1271 1385 idque
1292 1347 1434 1375 cicatrices
1455 1344 1564 1382 efficit,

331 1397 398 1416 cum
418 1386 491 1417 secta
512 1386 575 1417 vasa
594 1396 654 1416 non
679 1383 761 1416 facile
781 1389 991 1429 conjungantur
1004 1407 1014 1420 ‚
1035 1396 1125 1428 neque
1137 1396 1238 1416 cotum
1251 1397 1376 1417 extrema
1396 1386 1446 1418 sibi
1466 1399 1565 1420 mutuo

333 1429 533 1470 respondeant.

378 1473 487 1503 Eadem
505 1472 545 1503 est
565 1473 636 1502 ratio
655 1469 794 1503 insitionis
816 1473 890 1503 inter
914 1474 1051 1503 corticem
1071 1474 1100 1503 δε
1121 1470 1232 1515 lignum
1254 1496 1264 1509 ‚
1285 1484 1332 1505 aut
1352 1472 1429 1505 illius
1451 1486 1512 1517 quae
1525 1479 1567 1507 ind

333 1515 462 1547 oculatio
491 1513 652 1559 appellatur
667 1537 676 1550 ‚
695 1525 763 1546 cum
788 1514 914 1546 detrasto
932 1514 1041 1546 arboris
1061 1519 1160 1547 cortici
1178 1521 1204 1547 in
1227 1516 1323 1548 fistulae
1349 1517 1485 1557 modum,
1509 1526 1568 1550 no..·

333 1570 384 1589 vus
414 1569 511 1589 cortex
530 1569 596 1590 cuin
622 1556 708 1588 oculo
734 1557 783 1590 suo
815 1558 939 1601 ejusdum
964 1568 1032 1589 cum
1069 1562 1157 1602 priori
1179 1559 1276 1603 figura:
1302 1564 1333 1592 δε
1359 1562 1566 1603 magnitudinis

336 1601 499 1644 applicatur.

768 1742 803 1778 G
827 1741 861 1776 A
881 1741 906 1777 P
926 1743 965 1779 U
988 1741 1023 1777 T
1091 1746 1138 1783 V.

685 1832 733 1862 De
751 1827 901 1878 stirpium
929 1837 1044 1864 natura
1072 1828 1109 1868 ό·
1141 1828 1210 1875 '‘st‘-

336 1915 358 1944 Ι.
383 1914 465 1992 H
481 1912 605 1944 Aditenus
633 1912 669 1942 de
691 1913 840 1946 elementis
862 1917 1004 1947 Botanicis
1024 1926 1088 1958 quae
1117 1915 1157 1945 D.
1182 1913 1362 1945 Tournefort
1382 1924 1457 1945 :inno
1488 1917 1564 1954 1694‘

480 1957 567 1988 tribus
589 1954 783 1988 voluminibus
805 1959 971 2001 complexus
992 1960 1038 1990 est.
1067 1960 1165 1990 Paucis
1190 1957 1225 1988 ab
1246 1958 1312 1988 hinc
1334 1958 1433 1989 diebus
1458 1958 1563 2001 prodiit

329 2004 360 2031 in
387 2000 480 2032 lucem
502 2000 580 2031 aliud
596 1999 732 2031 volumen
756 2012 815 2031 non
840 2002 916 2032 mole
933 2025 942 2037 ,
963 2003 1008 2033 sed
1032 2002 1190 2033 eruditione
1208 2023 1217 2037 ‚
1239 2004 1269 2032 δε
1291 2000 1412 2032 utilitate
1429 2010 1561 2042 magnum

329 2043 363 2074 de
384 2045 512 2075 Histori2
534 2043 698 2075 Plantatum
712 2067 721 2079 ,
741 2055 803 2087 quae
820 2047 848 2075 in
865 2056 934 2086 agro
957 2045 1099 2076 Parifienst
1118 2049 1148 2076 ἅτ
1168 2046 1359 2087 circumjectis
1380 2048 1408 2075 in
1429 2045 1499 2074 locis
1511 2053 1564 2072 oc-

329 2097 458 2121 currunt.
483 2090 516 2118 In
542 2099 602 2130 quo
620 2087 737 2132 quidem
764 2100 822 2119 non
852 2088 943 2119 solum
963 2088 1125 2131 catalogum
1151 2087 1312 2131 plantarum
1331 2098 1490 2119 accuratum
1509 2107 1517 2120 ,
1533 2089 1563 2116 δε

330 2132 455 2163 emicem
475 2131 635 2175 eruditione
647 2132 759 2176 plenam
774 2154 783 2170 ,
796 2131 842 2175 sed
864 2135 894 2163 Sc
905 2131 1092 2175 plurimarum
1108 2132 1189 2164 usum
1205 2143 1282 2164 cei-to
1294 2131 1420 2174 judicio,
1438 2128 1562 2163 delectu,

1454 2182 1563 2204 ratione
