1638 2345
215 194 303 223 Am.

218 243 298 279 1695.

327 151 384 189 356
446 155 455 164 *
642 143 815 178 REGIAE
853 139 1238 176 SCIENTIARUM

326 193 429 221 iterum
450 192 480 222 in
499 188 606 235 duplici
631 189 705 219 foetu
727 187 823 231 palam
842 185 974 219 ostendit.
1012 188 1246 230 Experimentum
1267 185 1340 218 illud
1353 197 1392 230 op
1413 185 1486 218 osuit
1511 190 1552 220 D.

328 236 479 276 Varignon
506 247 512 265 z
535 245 600 264 cum
619 242 748 262 extremo
774 229 838 271 styli
858 232 937 272 apice
961 230 1033 260 hanc
1059 228 1206 261 valvulam
1229 252 1238 264 ,
1267 241 1329 273 quae
1350 242 1386 273 po
1429 242 1552 263 mortem

325 277 491 321 complicari
511 276 579 307 solet
599 296 608 310 ,
631 285 689 306 tam
705 273 803 304 exadre
822 271 959 304 foramini
979 271 1171 309 admovisset,
1191 284 1222 304 ut
1249 273 1289 303 D.
1309 274 1358 303 Du
1372 276 1484 315 Verney
1507 285 1553 306 tu-

325 319 395 350 bulo
415 331 518 351 venam
537 317 736 361 pulmonarem
758 316 910 360 perflaret,
935 319 965 347 ὃ(
984 319 1025 348 D.
1038 319 1191 358 Vatignon
1211 315 1292 346 filum
1308 327 1431 347 ceratum
1451 320 1482 347 &
1507 329 1555 348 ac-

323 362 438 394 censum
460 373 494 392 ex
508 372 585 405 parte
601 359 688 392 altera
703 360 797 393 versus
810 359 940 391 dextram
957 359 1052 390 cordis
1070 358 1226 390 auriculam
1241 370 1326 390 manu
1340 370 1449 397 teneret
1461 384 1469 398 ,
1482 360 1555 392 nihil

325 417 402 437 mota
427 405 465 436 est
486 404 601 436 flamma
615 426 625 439 ,
653 407 685 435 &
706 403 852 435 valvulam
871 402 998 436 accurat&
1018 401 1152 434 foramini
1177 402 1340 447 applicitam
1365 401 1450 433 ambo
1473 403 1558 434 vide.

324 459 390 479 runt
416 462 423 480 z
458 447 504 479 scd
533 447 641 478 evena:
661 458 737 478 cavat
760 446 888 491 partibus
911 447 1045 490 perflatus
1064 448 1114 477 aiit
1131 445 1204 477 ultro
1230 457 1280 489 per
1295 444 1440 477 valvulam
1459 446 1557 477 dehis-

325 502 437 522 centem
460 491 557 522 subiit.

371 536 419 564 11.
462 533 593 578 Negabat
616 534 656 562 D.
683 534 771 574 Mery
790 531 986 564 membranam
1007 532 1087 564 illam
1110 534 1190 563 omni
1211 543 1245 562 ex
1266 542 1342 574 parte
1363 531 1491 562 foramen
1504 532 1559 564 ob-

325 575 525 620 duxissc‚qu0d
537 576 674 620 piaeiisto
683 575 866 607 confirmavit
878 579 1086 619 experimento.
1097 577 1178 607 Nam
1187 587 1257 618 aqua
1271 575 1396 618 syphone
1409 577 1560 616 injcc‘torio

326 631 377 663 per
407 631 516 652 aonam
530 642 540 657 ,
561 623 590 651 ὃς
609 631 711 651 venam
735 619 907 663 pulmonum
934 617 1056 652 immiffa
1090 622 1121 651 iu
1139 617 1268 650 dextram
1288 618 1381 649 cordis
1402 619 1562 650 auriculam.

327 665 474 701 trajicitur.

370 707 439 736 Hoc
461 718 658 750 argumentum
679 708 752 738 circa
765 706 845 738 usum
865 706 955 739 ovalis
978 706 1127 738 foraminis
1149 709 1180 737 &
1203 705 1307 736 Botalli
1328 716 1357 736 vt
1373 716 1494 741 vocant,
1513 717 1561 737 ca-

327 748 398 780 mlis
418 752 447 780 in
470 748 545 781 foetu
565 754 593 781 &
614 754 643 781 iu
658 749 795 781 rtstudine
814 748 898 792 paulo
920 750 1035 781 uberius
1059 750 1097 781 est
1115 750 1273 791 persecutns
1297 750 1338 781 D.
1360 751 1444 788 Mcry
1467 752 1495 780 in
1512 761 1562 794 pc-

327 791 426 823 culiari
447 792 651 824 diist-tratione.
674 794 718 825 Ac
731 796 857 836 primum
875 792 991 834 quidem
1007 805 1065 824 non
1087 792 1233 823 assentitur
1247 795 1395 822 ccmmuni
1409 791 1451 822 illi
1473 796 1502 823 δ(
1518 804 1564 824 te-

327 846 413 878 ceptae
436 836 676 867 Anatomicorurn
697 840 886 867 recentiorum
901 835 1044 868 sententiae
1059 862 1067 870 .
1086 835 1142 877 qui
1160 834 1302 866 valvulam
1325 838 1353 865 in
1369 845 1469 866 trunco
1483 846 1563 866 vcnae

327 877 502 920 pulmonum
524 877 560 909 fic
577 890 701 921 aptatam
723 889 823 922 putant
839 901 847 914 ‚
870 889 900 909 ut
923 882 1024 922 majori
1052 879 1191 920 sanguinis
1212 881 1281 920 parti
1303 878 1421 908 liberum
1442 878 1564 921 pioebcat

329 920 440 952 aditum
463 920 478 950 ἃ
496 933 566 952 vena
581 933 648 952 cava
664 921 698 953 ad
719 921 888 965 pulmonum
907 933 1009 953 venam
1023 944 1031 957 ,
1050 922 1164 963 ejusque
1182 922 1307 951 reditum
1328 924 1356 950 in
1381 931 1478 951 cavam
1489 933 1565 964 pro-

329 963 425 994 hibear
448 987 458 1000 ‚
481 975 545 995 cum
565 976 595 995 ca
608 963 721 995 valvula
743 963 872 994 foramen
893 964 975 995 ovale
988 964 1110 995 obducat
1125 989 1134 1003 ‚
1151 966 1233 1006 eique
1252 962 1376 1007 impulsu
1393 964 1564 1006 sanguinis&

330 1017 402 1037 vena
423 1007 593 1050 pulmonum
609 1006 774 1052 prodeuntis
796 1007 974 1040 adhaerescat.

359 1051 432 1080 111.
464 1051 540 1081 Rem
556 1053 666 1082 nonita
679 1050 707 1082 se
723 1050 830 1082 habere
845 1050 942 1082 multis
955 1051 1110 1083 rationibus
1123 1051 1280 1085 contendit.
1305 1051 1347 1082 Ac
1363 1053 1485 1095 primum
1500 1054 1568 1095 qui-

330 1091 396 1123 dem
418 1094 492 1138 apud
521 1106 621 1125 omnes
643 1098 673 1125 in
696 1093 823 1125 confesso
844 1097 882 1126 est
901 1099 1064 1126 arteriarum
1087 1095 1169 1126 tubos
1191 1107 1254 1125 cuni
1284 1096 1424 1137 sanguinis
1446 1107 1495 1138 per
1517 1106 1567 1126 cos

330 1135 508 1168 decurrentis
523 1137 600 1169 mole
616 1149 721 1170 certam
745 1137 847 1169 habere
863 1141 1004 1170 rationem
1017 1161 1026 1174 ‚
1044 1138 1114 1169 adeo
1134 1151 1163 1170 ut
1179 1150 1225 1182 per
1249 1139 1416 1182 nephtuim
1440 1137 1568 1169 canalem

330 1184 423 1221 major
441 1180 582 1223 sanguinis
598 1185 679 1224 copia
697 1180 850 1213 deferatur.
874 1183 907 1211 ln
929 1183 1048 1213 homine
1069 1181 1179 1224 sanguis
1201 1185 1296 1212 omnis
1317 1182 1332 1211 ὲ
1353 1192 1426 1212 vena
1448 1192 1515 1211 cava
1537 1184 1567 1211 in

331 1221 462 1253 dextrum
487 1224 581 1255 cordis
602 1224 694 1255 sinum
716 1224 871 1256 effunditur
891 1247 900 1260 ‚
922 1229 972 1267 qui
991 1237 1040 1269 per
1063 1228 1192 1255 arteriam
1212 1224 1383 1268 pulmonum
1400 1247 1408 1259 ,
1434 1235 1495 1254 tuni
1520 1236 1569 1267 pct·

331 1277 417 1296 venas
440 1267 612 1309 pulmonum
627 1270 656 1298 in
675 1266 767 1298 sinum
782 1267 921 1298 finistrum
942 1268 1037 1300 cordis
1054 1279 1196 1298 commeat
1214 1290 1223 1302 ,
1246 1279 1276 1298 ac
1292 1267 1410 1298 demum
1431 1279 1481 1309 per
1504 1279 1569 1298 aor-

332 1318 391 1339 tam
410 1310 440 1338 in
460 1320 554 1340 totum
573 1321 676 1352 corpus
689 1310 818 1341 dimanat
838 1323 845 1340 :
867 1310 943 1340 unde
962 1310 1106 1352 utriusque
1120 1314 1228 1342 arteriae
1242 1310 1376 1340 dianicrti
1396 1314 1424 1340 in
1440 1309 1494 1340 bafi
1507 1321 1571 1340 cor-

331 1350 376 1381 dis
395 1362 541 1393 :equantur
560 1363 568 1385 3
593 1352 756 1383 dummodo
773 1363 820 1383 vas
841 1363 993 1395 utrumque
1007 1353 1116 1395 liquore
1140 1364 1187 1383 aut
1200 1356 1263 1382 a'c'i’e
1281 1353 1430 1396 impletum
1449 1353 1571 1383 naturali

333 1392 380 1423 sua
392 1398 550 1435 quantitate
566 1394 697 1426 donetur.
723 1394 779 1426 sed
794 1394 900 1426 eaedcm
918 1398 1026 1426 arteriae
1040 1406 1068 1425 in
1084 1396 1157 1425 foetu
1171 1395 1234 1424 sunt
1253 1395 1335 1438 plane
1354 1399 1370 1425 ix
1385 1395 1522 1437 aeiualcs‚
1540 1406 1572 1426 ac

334 1435 420 1479 long&
435 1441 526 1479 major
546 1438 584 1468 cst
602 1441 710 1469 artetiae
729 1437 900 1481 pulmonum
914 1461 923 1473 ,
948 1449 1034 1480 quam
1055 1449 1141 1469 aorta:
1156 1437 1294 1469 dimeter
1317 1451 1323 1469 ε
1346 1442 1373 1469 &
1390 1449 1484 1468 tamen
1501 1449 1574 1468 con.

336 1483 452 1510 trarium
472 1480 554 1524 plane
581 1493 614 1512 cx
630 1485 778 1512 communi
802 1484 991 1513 recentiorum
1013 1484 1151 1524 opinione
1169 1480 1330 1513 deducitur.
1355 1481 1444 1522 Qod
1460 1480 1478 1511 fi
1496 1485 1572 1513 enim

335 1534 397 1565 pars
415 1534 518 1566 magna
532 1523 672 1567 sanguinis
695 1536 774 1555 vena:
796 1535 870 1555 cava:
891 1536 939 1567 per
952 1523 1034 1554 ovale
1052 1523 1180 1555 foramen
1203 1527 1232 1554 in
1254 1535 1386 1555 truncum
1407 1535 1484 1555 vcnae
1507 1524 1573 1567 pul-

334 1577 455 1596 monum
473 1566 618 1603 defertur,
633 1578 725 1609 neque
740 1570 769 1598 in
784 1567 916 1599 dextrum
929 1567 1022 1598 cordis
1042 1566 1132 1597 sinum
1154 1568 1248 1597 refluit
1264 1590 1273 1603 ‚
1294 1567 1340 1597 sed
1357 1578 1412 1597 una
1429 1578 1494 1599 curn
1509 1567 1574 1598 san.

336 1611 422 1649 gninc
442 1612 490 1651 qui
512 1612 591 1640 venis
614 1611 786 1653 pulmonum
804 1614 988 1646 continetur,
1009 1613 1037 1640 in
1062 1610 1202 1641 sinistrum
1224 1610 1320 1641 cordis
1341 1609 1432 1641 sinum
1449 1610 1575 1641 effundi-

336 1652 414 1682 ditur
428 1678 437 1690 ,
459 1655 489 1683 ἃ
509 1664 559 1696 pcr
579 1665 690 1685 aortam
709 1656 739 1684 in
760 1665 855 1685 totum
878 1665 980 1697 corpus
1002 1653 1118 1697 pellitur
1138 1679 1146 1691 ,
1169 1653 1197 1684 id
1218 1652 1302 1696 plane
1317 1655 1494 1695 consequens
1516 1654 1573 1690 (st,

335 1693 502 1737 sanguinem
516 1721 524 1731 ‚
547 1700 596 1738 qui
618 1696 716 1727 eadem
734 1697 885 1728 velocitate
902 1709 950 1740 per
971 1700 1104 1727 asteriam
1124 1696 1295 1740 pulmonum
1316 1701 1345 1728 δε
1365 1707 1472 1727 amram
1488 1696 1550 1728 fluit
1564 1719 1573 1732 ,

335 1736 422 1780 longe
441 1738 612 1781 ampliorem
636 1751 720 1771 aortae
750 1739 850 1771 tubum
875 1744 985 1783 exigere
1000 1763 1008 1775 ,
1038 1751 1123 1782 quam
1169 1743 1276 1770 attezia:
1301 1739 1490 1781 pulmonaiiae
1505 1763 1514 1776 ‚
1541 1744 1574 1771 δε

335 1791 370 1810 eo
391 1785 529 1823 majorem
552 1781 605 1811 cffi-
618 1794 750 1825 oportere
769 1795 889 1817 aortam,
908 1795 965 1825 quo
976 1787 1066 1823 major
1081 1783 1118 1812 est
1142 1781 1285 1824 sanguinis
1302 1785 1442 1825 quantit&
1463 1795 1512 1826 per
1531 1782 1549 1814 fi
1562 1799 1575 1807 ο

334 1834 432 1853 ramcn
452 1824 533 1853 ovalc
553 1828 719 1856 tranieumis
747 1837 798 1856 nec
816 1826 947 1857 dextrum
974 1825 1069 1856 cordis
1090 1824 1179 1855 sinum
1201 1825 1351 1857 subeuntis,
1379 1827 1458 1857 Nm
1483 1838 1515 1856 cx
1544 1838 1575 1857 ca

333 1869 467 1908 portione
497 1866 636 1908 sanguinis
660 1881 722 1911 quae
751 1868 765 1898 ὲ
793 1869 893 1900 dextro
923 1869 1016 1900 cordi5
1049 1867 1209 1899 ventriculo
1235 1879 1330 1899 manat
1352 1891 1360 1903 ‚
1399 1869 1574 1900 detrahenda

335 1908 536 1940 tantummodo
556 1912 608 1940 crit
631 1922 693 1952 pars
715 1915 773 1952 ejus
791 1911 848 1942 fere
870 1916 970 1948 tertia,
997 1923 1060 1953 quae
1079 1923 1128 1955 per
1149 1910 1273 1941 canalem
1299 1914 1574 1942 communicationis

335 1951 370 1982 ab
380 1956 479 1983 arteria
491 1951 661 1994 pulmonum
675 1956 704 1983 in
716 1965 799 1984 aottae
815 1966 945 1985 truncum
957 1955 1123 1985 inferiorem
1148 1965 1302 1990 commeat,
1318 1966 1408 1998 neque
1422 1955 1573 1996 pulmones

335 2006 381 2025 aut
400 1994 540 2026 sinistrum
556 1995 650 2026 cordis
671 1995 760 2026 sinum
782 1997 939 2040 pertransit.
964 1998 999 2027 ld
1013 2009 1106 2028 tamen
1123 1995 1180 2040 ipsa
1203 1997 1307 2028 refellit
1330 1997 1453 2039 autofsn
1477 2011 1484 2028 :
1505 2008 1572 2027 nam

337 2037 514 2080 pulmonatis
534 2041 641 2069 arrei-iz
666 2050 779 2070 truncus
805 2043 834 2070 in
857 2039 931 2070 foetu
949 2040 1041 2071 multo
1063 2043 1154 2080 major
1180 2041 1218 2070 cst
1240 2052 1271 2071 ac
1295 2040 1353 2071 fere
1376 2040 1461 2084 dupla
1485 2051 1571 2069 aon-1:

339 2084 430 2111 trunci
450 2106 459 2119 ,
481 2080 561 2123 quod
583 2081 692 2124 sanguis
717 2088 812 2114 omnis
834 2094 912 2114 vcnae
939 2094 1012 2114 cavae
1035 2086 1063 2113 in
1089 2083 1222 2114 dextrum
1243 2084 1337 2115 cordis
1354 2083 1443 2114 sinum
1466 2081 1571 2112 effusus

339 2135 388 2167 per
403 2127 531 2156 arteriam
551 2123 721 2172 pulmonum
735 2127 938 2159 transmittatur
949 2148 959 2163 ‚
976 2138 1058 2169 atquc
1077 2138 1110 2158 ca
1126 2127 1269 2170 sanguinis
1291 2129 1421 2171 portione
1443 2124 1572 2163 subiere,
