1638 2345
325 134 383 163 213
658 124 826 158 REGIAE
875 123 1261 158 schNTtARUM

210 178 298 207 Asu.
326 174 452 206 didiores
476 181 592 204 omnem
615 171 728 201 Saturni
747 169 887 199 ambitum
906 180 965 198 non
984 179 1166 212 percurrere,
1195 169 1241 199 sed
1255 179 1300 200 eas
1314 167 1484 214 intermptas
1502 168 1565 202 effe-

214 223 296 258 1685.
328 230 358 249 ut
371 221 400 249 in
418 215 587 260 quibusdam
613 215 696 256 jovis
720 211 812 242 fasciis
830 214 945 246 eveniw,
967 222 998 242 ac
1021 213 1174 243 Saturnum
1190 214 1220 242 in
1242 211 1295 243 suis
1319 214 1392 244 circa
1406 226 1489 245 axem
1514 225 1559 245 re·

329 259 530 292 volutionibus
561 257 651 288 modi>
677 266 763 286 unam
782 267 816 286 cx
844 258 877 286 iis
900 253 1013 290 fasciis,
1039 255 1130 286 modo
1155 255 1273 286 alteram
1294 255 1377 286 nobis
1395 256 1557 288 obvertere.

328 306 406 336 Cum
427 315 523 335 tamen
545 304 635 332 Zona:
659 298 715 330 illae
739 298 868 330 candida:
891 309 970 329 antea
988 299 1053 328 visre
1075 310 1133 330 non
1147 297 1250 329 fuerint
1264 321 1273 334 ,
1287 297 1360 329 illud
1380 311 1440 331 non
1453 301 1562 332 abhor-

329 360 371 379 rct
396 349 411 377 Ξι
436 344 588 376 verosimili
603 355 649 374 eas
674 342 793 373 subinde
808 342 882 373 nasci
898 352 929 372 ac
950 339 1063 377 deleri,
1087 353 1117 373 ut
1135 346 1162 373 in
1177 341 1347 386 quibusdam
1366 342 1449 384 Jovis
1469 346 1562 374 Zonis

329 390 384 422 fuit
410 388 592 420 observatum
606 410 615 422 ,
639 397 702 429 quae
724 385 801 416 illius
819 397 900 416 motu
920 384 1043 427 abrepta:
1066 385 1158 415 modo
1175 385 1223 416 iub
1244 384 1344 416 oculos
1356 387 1479 422 cadunt,
1493 398 1563 419 cum

330 437 359 464 in
384 443 462 476 parte
475 434 615 463 anteriore
639 430 763 460 Planctae
785 440 881 460 extant
896 451 906 464 ‚
930 428 1021 459 modo
1042 428 1232 467 evanescunt,
1254 428 1304 459 ubi
1324 429 1357 460 ad
1378 441 1486 474 partem
1508 441 1565 474 po-¹

331 477 475 508 steriorem
498 474 676 506 transierunt.

364 519 474 550 Eodem
493 519 548 549 hoc
570 529 645 547 anno
669 519 735 555 1683
749 514 810 545 duae
833 513 899 545 visae
927 512 989 544 sunt
1012 515 1042 544 in
1059 515 1181 545 Saturno
1205 517 1294 545 Zonae
1315 527 1378 558 qua:
1391 515 1505 547 alternis
1521 520 1567 548 via*

330 562 411 593 cibus
434 566 462 593 in
477 562 664 606 conspectum
684 556 839 589 venit-bant
852 580 862 593 ,
885 568 1004 600 quarum
1026 568 1081 587 una
1095 556 1179 588 latior
1192 569 1251 589 erat
1263 558 1360 591 alter-i.

364 609 389 636 V
402 609 425 637 1.
448 606 570 636 Novum
593 604 782 634 Phaenomeni
802 612 889 643 genus
913 604 942 631 in
955 600 1032 631 coelo
1052 599 1242 644 deprehendit
1259 603 1300 632 D.
1326 600 1434 633 Cass'mi
1453 602 1500 634 die
1526 605 1564 635 18

332 650 432 682 Martii
448 662 455 680 :
477 647 574 678 lumen
593 645 727 678 videlicet
751 645 899 687 quoddam
915 643 1034 686 oblique
1055 642 1211 675 secundum
1228 645 1389 676 Zodiacum
1402 648 1569 690 porrectum

334 693 416 734 quod
436 702 502 723 tunc
521 692 627 723 Arietis
647 688 894 720 constellationem
917 687 1092 730 complecti,
1115 687 1150 717 ad
1175 686 1307 720 Pleiadas
1330 688 1417 731 usque
1442 692 1570 733 &caput

336 738 427 768 Tauri
445 733 561 766 extendi
577 733 661 765 instar
687 731 833 763 nubeculae
855 730 871 761 ὲ
894 730 961 762 Sole
977 731 1118 761 illustrata·
1138 731 1231 761 visum
1251 732 1289 762 est
1301 753 1310 767 ‚
1332 730 1390 763 fere
1406 733 1490 764 instar
1503 744 1572 763 cau-

334 780 379 812 da·
395 781 534 811 Cometes
546 801 554 813 ,
572 776 622 807 nisi
638 775 717 819 quod
738 775 784 806 sua
805 774 953 806 latitudine
973 785 1015 805 tet
1035 785 1082 804 aut
1100 785 1200 816 quater
1220 786 1265 805 eas
1284 774 1440 819 superabat.
1457 777 1504 806 De
1517 777 1572 806 hoc

337 822 449 854 lumine
466 822 530 853 satis
549 821 664 864 copiose
691 822 800 861 egimus
823 829 903 850 tomo
921 830 947 858 ς.
964 816 1072 849 Philos.
1090 828 1144 847 vet.
1167 821 1198 848 &
1220 830 1290 849 nov.
1307 830 1338 862 p.
1365 830 1423 859 173.
1444 818 1499 850 Sed
1518 820 1573 850 hoc

339 877 540 909 argumentum
565 867 594 895 in
613 862 760 894 volumine
787 864 879 905 Typis
901 862 1003 903 Regiis
1023 861 1186 902 nuperrime
1209 861 1287 891 edito
1303 862 1365 892 {use
1389 866 1420 894 &
1446 863 1575 893 accurate

338 909 357 939 ὲ
383 910 424 940 D.
447 906 565 939 Cassino
587 907 624 937 est
648 907 846 950 penta-statum
861 927 869 938 ‚
891 903 1010 946 longum
1034 905 1100 934 esset
1122 915 1153 934 ac
1173 904 1294 934 minime
1315 903 1496 936 necessarium
1514 917 1575 936 rem

343 951 533 995 speculatione
558 949 698 993 quidem,
724 948 743 979 fi
772 959 834 991 quae
850 947 881 978 sit
902 946 978 983 alia,
1001 947 1118 990 dignam
1133 972 1142 986 ,
1164 946 1211 977 (ed
1233 946 1379 980 uberrime
1401 949 1575 992 explicatam

342 1006 482 1037 regerere.

377 1043 403 1069 V
419 1041 467 1069 11.
485 1039 542 1068 Dic
565 1047 602 1073 27
626 1035 753 1077 januarii
773 1045 876 1065 omnes
899 1037 928 1065 in
951 1035 1080 1077 Regium
1097 1033 1338 1066 Observatorium
1349 1046 1508 1066 convenere
1523 1036 1578 1066 So-'

345 1081 380 1113 lis
405 1080 539 1124 Eclipsim
562 1079 734 1122 spe-<statuti3
759 1077 805 1108 sed
829 1089 888 1108 non
915 1076 993 1109 licuit
1015 1089 1063 1121 per
1084 1077 1191 1109 coelum
1207 1078 1330 1109 nubibus
1353 1078 1523 1110 obduetum.
1539 1079 1578 1109 Ea

347 1125 417 1156 veto
432 1125 447 1154 a
465 1127 505 1156 D.
521 1126 650 1154 Ro'e'mer
668 1121 783 1152 Hafniae
804 1119 857 1152 fuit
868 1120 1016 1152 observata
1029 1143 1038 1156 ,
1053 1125 1079 1151 &
1096 1121 1130 1151 ad
1143 1120 1326 1152 Academiam
1341 1122 1388 1155 die
1403 1134 1418 1154 ι.
1429 1125 1446 1153 8
1460 1121 1580 1153 Februa-

347 1172 382 1200 rii
402 1166 558 1199 transmissa
580 1180 587 1198 ;
602 1177 664 1210 qua:
682 1165 843 1196 obseruatio
869 1163 904 1194 ab
922 1175 955 1194 eo
971 1167 1066 1208 paucis
1085 1164 1225 1207 descripta
1242 1165 1305 1196 fuir.

394 1212 445 1242 Sol
464 1214 493 1242 in
510 1213 624 1242 Vicinia
649 1210 811 1239 horizontis
831 1207 988 1238 admodum
1009 1207 1154 1238 laciniatus
1171 1209 1293 1250 inca-pit
1317 1206 1442 1240 deficere
1468 1209 1532 1244 hor,
1557 1222 1580 1249 3.

351 1267 386 1296 54
406 1258 476 1286 min.
502 1266 538 1284 20
567 1253 619 1283 sec.
640 1249 781 1282 Defectus
807 1253 920 1281 initium
941 1262 998 1281 erat
1024 1251 1110 1294 paulo
1134 1250 1207 1280 infra
1229 1250 1395 1293 parallelum
1415 1253 1581 1294 AEquatotis

351 1298 545 1330 transeuntem
565 1307 614 1340 pet
635 1305 766 1325 centrum
799 1293 898 1329 Solis,
923 1294 992 1324 hora
1020 1306 1042 1332 3.
1071 1306 1101 1335 58
1122 1295 1195 1328 min,
1220 1305 1256 1331 30
1284 1293 1337 1324 sec.
1365 1295 1473 1326 chorda
1495 1298 1582 1339 partis

353 1340 439 1372 limbi
463 1340 538 1372 Solis
556 1337 696 1382 eclipsata:
721 1352 740 1378 4
764 1336 846 1379 digit.

399 1386 482 1416 Hora
508 1395 539 1421 4.
560 1394 571 1422 3
595 1385 664 1412 min.
687 1381 809 1423 superius
826 1390 916 1410 cornu
935 1378 1028 1410 adhuc
1051 1391 1109 1410 erat
1125 1378 1209 1423 paulo
1230 1379 1304 1410 infra
1331 1379 1500 1424 parallelum
1519 1380 1584 1417 dic-T

356 1439 437 1460 tum:
467 1439 536 1458 mox
559 1425 644 1457 subiit
657 1424 697 1455 sol
720 1423 808 1454 nubes
829 1423 1032 1455 horizontales.

406 1474 441 1545 lsn
459 1470 559 1502 eadem
578 1467 702 1512 Epistola
717 1468 842 1502 Martis,
861 1467 965 1509 JoviS,
991 1470 1020 1498 &
1041 1469 1156 1498 Saturni
1170 1466 1303 1509 quasdam
1317 1464 1528 1498 observationes
1540 1476 1585 1498 re-‘

355 1526 409 1547 <Cn
424 1526 458 1545 Ct-

402 1561 475 1590 Tres
499 1557 552 1587 hos
567 1554 697 1586 Planetas
715 1552 762 1585 dic
784 1563 818 1591 29
839 1553 968 1595 Januarii
987 1550 1058 1593 stylo
1079 1555 1169 1585 veteri
1189 1554 1216 1583 h.
1235 1564 1257 1584 r.
1279 1553 1338 1595 post
1363 1553 1488 1584 mediam
1512 1560 1587 1584 noc-⁴

358 1612 418 1632 tem
437 1602 550 1642 junctos
567 1597 645 1629 fuisse
665 1601 694 1628 in
718 1596 898 1639 longitudine
912 1618 922 1632 ,
942 1596 1028 1638 idque
1052 1597 1176 1627 constare
1201 1608 1235 1627 cx
1254 1596 1501 1629 observationibus
1521 1607 1586 1628 ante

361 1647 393 1675 ἀ
415 1645 474 1687 post
496 1643 611 1673 habitis.

392 1689 419 1717 V
434 1689 470 1716 11
486 1689 510 1717 1.
543 1687 583 1715 D.
608 1685 656 1714 De
674 1683 701 1714 la
720 1686 794 1715 Hire
815 1683 987 1727 postremam
1010 1683 1093 1725 Jovis
1116 1685 1145 1713 ὅ(
1162 1684 1275 1715 Saturni
1289 1684 1524 1722 conjunt‘tionem
1537 1690 1588 1713 va-v

362 1733 411 1761 riis
433 1729 528 1760 modis
541 1751 549 1765 ‚
565 1731 616 1771 qui
637 1738 737 1758 omnes
757 1730 829 1758 inter
850 1726 875 1756 se
890 1726 1122 1761 consentiebant,
1145 1737 1210 1758 cum
1226 1727 1352 1758 accurate
1367 1726 1587 1761 determinasset,

362 1775 431 1804 οέὶο
450 1784 514 1803 ante
531 1772 633 1803 diebus
650 1793 660 1806 ,
677 1770 764 1812 quam
788 1770 989 1813 Ephemeridcs
1015 1781 1077 1799 eam
1101 1769 1254 1805 notabant,
1280 1768 1408 1800 accidille
1427 1773 1590 1813 comperit,

362 1816 441 1859 quod
470 1815 652 1846 planetarum
672 1814 797 1845 motibus
819 1812 1004 1844 emendandis
1021 1811 1090 1842 utile
1111 1811 1236 1844 futurum
1259 1814 1305 1846 est.
1324 1815 1398 1854 Qu:
1421 1815 1437 1844 ἐι
1453 1814 1494 1844 D.
1517 1812 1590 1843 Cas-

365 1860 426 1892 fino
443 1858 517 1890 facta
533 1858 570 1888 cst
598 1859 680 1897 hujus
698 1858 911 1900 conjunctionis
927 1856 1106 1891 observatio,
1127 1856 1167 1887 D.
1194 1857 1241 1887 De
1265 1856 1290 1886 la
1306 1858 1379 1887 Hire
1397 1856 1588 1888 observationi

365 1914 489 1934 omnmo
510 1911 647 1933 concinit.

414 1948 476 1978 IX.
500 1943 593 1976 Stella:
614 1954 727 1986 quoque
742 1945 859 1984 majoris
875 1945 951 1972 canis
972 1941 1164 1972 Meridianam
1181 1942 1359 1974 altitudinem
1375 1942 1501 1985 qualibet
1520 1942 1588 1972 hora

369 1989 427 2021 dici
453 1992 483 2020 δέ
507 1989 600 2018 noetis
613 2010 623 2022 ,
644 1989 731 2017 etiam
751 1989 780 2016 in
801 1986 858 2028 ipsa
873 1985 988 2016 meridie
1007 1987 1082 2028 cepit
1104 1988 1142 2017 D.
1155 1989 1199 2018 De
1219 1986 1243 2017 la
1267 1988 1355 2021 Hire,
1369 1986 1446 2028 quod
1461 1996 1524 2016 ante
1545 1985 1588 2014 fa-

369 2036 448 2064 ctum
473 2043 531 2062 non
557 2031 656 2061 fuerat.
682 2028 803 2060 Nullam
822 2032 851 2060 in
871 2041 903 2059 ca
926 2026 1117 2059 differentiam
1135 2032 1316 2061 animavertit
1336 2040 1436 2074 prxter
1447 2039 1506 2058 eam
1525 2038 1587 2069 quae

371 2088 403 2106 ex
421 2078 579 2106 mutatione
588 2074 786 2105 declinationis
801 2072 926 2103 accidere
935 2071 1029 2103 deber.
1043 2072 1147 2114 Neque
1160 2073 1210 2103 alia
1230 2074 1267 2104 est
1283 2077 1369 2104 tutior
1385 2075 1428 2102 via
1441 2093 1450 2106 ,
1468 2082 1522 2113 qua
1535 2081 1590 2099 no-

372 2119 414 2150 bis
428 2120 458 2150 lit
481 2118 660 2162 exploratum
682 2117 882 2148 refrachoncm
897 2116 932 2147 de
952 2115 998 2146 dic
1015 2125 1074 2146 non
1095 2116 1148 2147 effe
1171 2117 1310 2148 diversam
1324 2115 1360 2148 ab
1380 2127 1411 2146 ea
1424 2125 1486 2157 quae
1503 2115 1590 2146 nostu
