1638 2345
191 180 294 209 ΑΝΝο
313 144 499 205 Academiam
517 172 661 204 conferret
674 195 684 209 ,
707 184 794 214 quam
817 174 883 204 huic
903 184 985 204 novat
1000 172 1125 204 societati
1137 172 1300 209 tribuebat,
1312 185 1403 217 neque
1416 174 1474 207 ido
1496 187 1528 208 us

191 223 279 252 1566.
308 215 364 248 effe
393 228 423 248 ut
441 216 542 248 diversi
565 227 655 247 coetus
677 217 778 246 iisdem
799 217 834 246 de
859 215 940 247 rebus
953 227 1121 258 cogerentur
1143 240 1153 253 ‚
1175 216 1329 260 pra-settim
1351 229 1416 249 cum
1441 222 1459 250 ii
1482 231 1529 251 em

309 271 458 302 utramque
479 260 665 291 Academiam
686 270 913 302 componerent.-
937 270 988 289 nec
1008 259 1196 295 dubitabant,
1217 263 1287 302 quin
1307 259 1355 290 illa
1375 261 1529 293 Academia

329 304 456 334 ristinuni
474 304 554 334 suum
571 302 751 346 splendorem
769 313 963 344 recuperaret,
982 302 1002 333 sl
1020 303 1083 333 Rex
1102 304 1247 334 Maximus
1264 315 1325 334 eam
1339 304 1385 334 sua
1404 304 1530 336 benevo-

306 314 394 377 fenita
410 346 515 388 suoque
538 345 666 389 praestdio
684 344 838 389 complecti
855 344 1028 388 dignaretur.
1048 345 1210 376 Confilium
1231 345 1302 376 illud
1325 347 1437 378 homini
1463 360 1532 391 ptu-

306 387 473 420 dentiffimo
496 400 555 419 non
577 388 692 432 probari
708 399 768 418 non
790 391 904 431 potuit,
925 391 974 430 qui
995 388 1031 419 ad
1056 389 1254 420 restituendam
1268 392 1298 419 δε
1324 390 1530 422 sustentandam

307 431 388 462 illam
410 431 596 462 Academiam
619 434 749 462 animum
771 431 924 470 adjunxit,
957 442 987 461 ac
1007 434 1101 474 paucis
1118 432 1178 475 post
1200 435 1281 462 annis
1300 443 1364 462 cuni
1385 431 1532 464 illustrissi-

307 485 370 504 mus
393 476 552 517 Seguierius
571 477 693 505 Franciae
707 473 902 505 Cancellarius
914 474 990 504 diem
1007 474 1086 505 suum
1101 472 1213 505 obiiffet
1230 498 1239 510 ‚
1264 476 1425 506 Ludovicus
1442 478 1532 518 Mag-

309 528 361 547 nus
379 518 452 547 lianc
473 519 645 547 Societatem
666 520 696 547 in
721 517 797 548 suam
818 516 979 547 clientelam
1006 521 1113 560 accepit
1136 540 1145 553 ‚
1166 518 1245 558 quod
1266 517 1307 547 illi
1324 518 1400 561 quasi
1422 531 1532 551 novum

309 571 406 590 ortum
424 559 513 592 dedit.
532 562 614 599 Qin
635 563 666 590 δέ
686 560 726 588 D·
741 559 862 590 Colbcrt
875 562 903 588 in
926 561 1009 600 hujus
1028 563 1154 602 corporis
1173 562 1342 590 Societatem
1363 561 1456 592 ascisci
1471 573 1533 594 non

309 602 449 632 recusavit
464 625 472 636 ,
487 601 674 633 &interdum
695 601 819 632 coetibus
841 602 948 637 adt-sse,
977 605 1014 632 ita
1039 614 1069 633 ut
1093 614 1239 645 nunquam
1261 606 1368 642 majore
1387 606 1418 635 in
1437 604 1532 636 hono-

309 655 339 674 re
358 656 405 676 aut
428 644 577 687 splendore
591 645 674 676 fuerit
699 644 812 675 illustris
836 646 895 674 haec
916 646 1051 678 Societas.

339 690 367 718 V
382 689 403 717 1.
437 689 541 729 Atque
556 689 632 717 hunc
647 687 745 717 habuit
766 690 872 718 exitum
886 687 1086 718 humaniorum
1109 687 1265 718 litterarum
1289 689 1393 720 Schola
1406 713 1415 726 ‚
1433 702 1462 722 ut
1478 703 1532 722 vo-

310 740 375 760 cant
400 731 493 761 Gra-ci
510 752 520 765 ,
533 741 620 772 eaque
639 741 703 762 cum
723 730 878 761 Academia
893 732 1024 761 francica
1046 730 1162 760 confusa
1173 731 1228 766 cst3
1244 731 1314 761 adeo
1327 743 1356 762 ut
1370 735 1534 765 Geometra-

310 784 374 802 rum
392 776 422 804 δέ
450 772 636 814 Phyficorum
652 773 808 804 Academia
831 772 889 803 sola
915 773 1064 815 perstiterit
1085 796 1094 808 ‚
1142 784 1183 803 ux
1205 777 1369 814 primaevam
1395 775 1435 806 sui
1452 777 1533 808 omis

310 817 371 845 vim
389 819 418 846 δι
440 815 530 846 robur
554 816 664 860 semper
692 818 829 853 retinuit,
857 827 909 846 nec
929 815 964 847 de
991 816 1107 859 pristino
1121 784 1176 846 tsuo
1201 816 1293 848 studio
1309 811 1462 861 quicquam
1490 830 1534 850 re-

311 858 396 891 misit.

361 903 405 932 Ac
427 902 626 932 Mathematici
643 901 759 944 quidem
785 904 869 946 primi
892 900 936 933 sex
962 914 1009 933 aut
1028 903 1133 946 septem
1155 901 1190 932 ad
1204 901 1346 933 summum
1374 915 1533 936 convenere

311 945 406 974 mense
420 945 510 986 Junio
532 947 597 974 anni
620 950 704 976 1666.
740 946 781 975 Hi
806 956 892 988 porro
906 957 986 976 erant
1016 947 1054 976 D.
1076 948 1112 977 D.
1139 946 1292 986 Carcavy‚
1319 947 1463 989 Hugens,
1487 949 1534 978 De

313 985 480 1021 Robetval,
508 986 652 1022 Freniclc‚
677 987 823 1023 Auzoult,
847 987 948 1018 Picard
967 991 997 1019 &
1021 990 1106 1019 Buot.
1133 989 1228 1029 Atque
1246 999 1276 1017 ea
1296 987 1349 1019 fuit
1366 992 1457 1031 prima
1480 990 1535 1022 hu-

310 1032 354 1070 jus
374 1029 536 1060 Academia·
556 1030 710 1065 institutio,
732 1041 794 1071 quse
812 1041 847 1060 ex
870 1031 1034 1061 Geomettis
1055 1042 1124 1074 pene
1149 1030 1215 1060 solis
1240 1030 1332 1061 adhuc
1354 1031 1512 1064 constabat,

703 1139 735 1173 C
771 1141 804 1176 A
838 1140 862 1175 P
892 1141 931 1177 U
971 1138 1006 1174 T
1071 1139 1087 1173 1
1113 1139 1143 1175 Ι.

583 1223 633 1252 De
653 1218 769 1267 primis
797 1218 890 1269 hujus
923 1217 1093 1253 Academia
1116 1217 1269 1255 wardiis.

313 1298 338 1327 1.
465 1298 513 1327 Oc
533 1296 667 1327 omnibus
687 1296 849 1328 Academiis
868 1308 931 1340 quae
956 1296 1048 1328 nostra
1073 1297 1125 1328 hac
1151 1307 1230 1327 :etate
1257 1299 1285 1327 in
1307 1307 1368 1327 tota
1390 1308 1462 1340 pene
1478 1301 1537 1330 Eu·¹

363 1300 448 1375 H
461 1351 529 1382 ropa
549 1338 611 1370 sunt
632 1340 785 1375 institunt,
804 1340 980 1383 propositum
999 1339 1075 1375 fuit,
1101 1350 1132 1369 ut
1159 1338 1307 1380 Physicam
1325 1343 1354 1370 δε
1374 1339 1536 1383 disciplinas

310 1392 373 1419 qua:
393 1394 427 1412 ex
447 1394 479 1412 ea
496 1382 656 1418 fluxerunt,
674 1381 923 1414 observationibus
945 1387 976 1414 δε
997 1385 1197 1425 experimentis
1216 1393 1276 1413 non
1306 1384 1412 1414 temere
1436 1388 1466 1414 ὃ(
1486 1395 1538 1415 ca-

311 1424 361 1460 su,
384 1424 430 1455 sed
450 1436 525 1455 certa
548 1428 657 1455 ratione
685 1429 714 1456 δε
734 1425 854 1457 consilio
876 1425 958 1457 fastis
979 1425 1126 1455 subnixam
1142 1424 1321 1456 illustrarent.
1337 1425 1446 1456 Nullos
1458 1430 1537 1458 enim

332 1466 469 1509 rogressus
490 1466 573 1498 faciet
593 1467 699 1498 nobilis
718 1467 766 1498 illa
786 1470 927 1504 Scientia,
951 1468 1078 1510 quandiu
1099 1470 1170 1498 ratio
1189 1467 1224 1498 ab
1244 1470 1418 1511 experientia
1441 1469 1537 1500 divel-

309 1478 401 1545 setus,
416 1521 462 1541 aut
483 1513 560 1552 vagis
581 1510 752 1553 quibusdam
769 1513 801 1542 ὅ(
820 1510 944 1542 confusis
959 1510 1126 1541 notionibus
1139 1514 1269 1542 contenti
1287 1514 1360 1541 circa
1380 1511 1536 1544 verborum

309 1563 418 1595 pugnas
439 1553 587 1584 haerebunt
606 1566 615 1588 ·‚
634 1565 699 1584 cum
717 1554 840 1595 denique
859 1554 1004 1595 systemata
1027 1553 1062 1583 ad
1082 1552 1234 1584 libidinem
1260 1552 1354 1584 efficta
1374 1554 1451 1585 velut
1474 1555 1537 1585 fun-

311 1595 444 1626 damenta
470 1596 535 1626 huic
555 1596 676 1626 scientiae
694 1596 911 1627 substet-nentur.
933 1597 1012 1627 Nam
1034 1598 1156 1638 genuina
1183 1594 1377 1639 Philosophiae
1396 1597 1532 1628 naturalis

311 1640 452 1681 principia
474 1638 537 1669 sunt
554 1638 765 1669 observationes
788 1642 818 1670 &
838 1642 1040 1683 experimenta.
1062 1640 1118 1668 His
1133 1641 1250 1680 utique,
1264 1650 1294 1670 ut
1308 1639 1365 1669 alio
1388 1638 1453 1670 loco
1467 1652 1537 1670 mo-

312 1683 443 1715 nuimus,
469 1680 488 1711 fi
504 1681 687 1717 destituatur,
705 1692 774 1723 vaga
788 1685 841 1713 erit
861 1686 892 1713 &
911 1685 1025 1713 incerta.
1046 1682 1134 1711 Ratio
1154 1683 1259 1725 quippe
1286 1681 1343 1712 fine
1363 1685 1535 1724 experientia

315 1726 345 1754 δε
355 1722 407 1754 fibi
420 1727 470 1754 uni
483 1723 582 1754 :clieta
594 1724 672 1755 velut
684 1727 763 1754 navis
777 1723 832 1755 sine
841 1725 1030 1767 gubernatore
1046 1723 1164 1754 fluctuat
1176 1746 1184 1759 ,
1211 1736 1244 1755 ac
1255 1722 1376 1755 vicissim
1386 1729 1536 1768 experien-

314 1769 351 1796 tia
369 1769 414 1796 cui
428 1769 499 1797 ratio
511 1778 569 1796 non
586 1766 735 1810 przelucct‚
752 1778 831 1798 coeca
841 1768 879 1799 est
894 1771 924 1799 δε
945 1766 1103 1798 inconsulta
1117 1789 1125 1802 ,
1141 1777 1191 1796 nec
1213 1770 1366 1810 quicquam
1390 1769 1447 1798 fere
1467 1768 1536 1800 utile

313 1820 451 1851 procreat.

347 1853 358 1880 1
377 1854 399 1883 1.
437 1854 474 1882 Ea
495 1851 611 1894 quidem
626 1863 720 1884 mente
734 1876 743 1889 ,
764 1865 798 1884 eo
813 1853 932 1885 consilio
958 1852 1120 1885 Ludovicus
1141 1853 1266 1894 Magnus
1284 1852 1467 1883 Academiam
1479 1851 1536 1884 fot·-

311 1904 389 1924 mare
402 1895 495 1925 statuit
517 1907 549 1925 ex
566 1898 633 1925 viris
658 1894 793 1927 nimirum
818 1896 891 1928 fama
915 1900 945 1927 &
970 1899 1088 1926 nomine
1109 1899 1166 1937 jam
1189 1898 1312 1937 cognitis
1326 1918 1334 1931 ‚
1365 1894 1455 1937 iisque
1476 1907 1536 1926 non

312 1937 429 1968 eruditis
455 1938 561 1973 modo,
586 1938 632 1968 sed
657 1939 736 1981 quod
752 1944 842 1981 majus
858 1940 895 1970 est
907 1963 915 1975 ,
932 1941 1053 1981 expertis
1077 1937 1232 1970 conflatam
1248 1960 1257 1973 ‚
1282 1941 1330 1979 qui
1347 1938 1436 1969 multa
1456 1938 1536 1980 legis—

310 1980 371 2011 sent
392 1983 421 2011 &
443 1980 593 2016 vidissent,
614 1984 719 2023 quique
742 1981 813 2012 nulli
839 1983 918 2013 seetae
938 1982 1015 2012 velut
1033 1984 1113 2011 ‘urati
1132 1979 1219 2011 essent
1244 1981 1350 2012 addicti
1365 2003 1374 2017 ‚
1390 1992 1462 2023 quos
1473 1992 1536 2011 om-

310 2033 344 2051 ne
361 2023 573 2065 disciplinarum
587 2035 675 2066 genus
689 2024 844 2056 obletfharet
858 2025 975 2067 quidem
989 2047 996 2059 ‚
1020 1993 1065 2054 ijed
1086 2035 1172 2054 unam
1192 2035 1285 2054 tamen
1299 2036 1332 2055 ex
1351 2028 1384 2054 iis
1401 2034 1457 2066 prm
1483 2034 1535 2053 ca·-

311 2068 375 2095 tetis
395 2068 531 2097 colerent.
561 2069 625 2097 Hos
645 2066 787 2110 deligendi
810 2070 942 2098 Domitio
965 2066 1087 2097 Colbert
1107 2078 1173 2097 cuta
1191 2093 1198 2102 ,
1219 2078 1247 2097 ut
1267 2067 1402 2100 diximus,
1425 2065 1440 2096 ὲ
1455 2067 1536 2108 Rege

309 2107 363 2140 fuit
383 2108 560 2142 demandata.
590 2112 622 2141 In
639 2120 696 2153 quo
718 2111 835 2152 quidem
853 2111 931 2143 idem
955 2110 1094 2153 judicium
1117 2113 1147 2142 ἅ
1176 2109 1307 2142 eamdem
1327 2109 1509 2151 diligentiam
1523 2131 1532 2145 ,
