1638 2345
300 90 596 123 ACADEMIAE
630 90 908 125 HISTORIA.
943 93 1029 126 ιη.
1062 98 1124 129 tv.
1263 96 1318 143 30'9

389 241 637 280 CAPUT
697 241 1009 284 PRIMUM.

456 343 503 372 De
523 336 625 371 Rebus
646 337 901 386 astronomicis.

82 439 104 467 1.
121 438 200 512 D
214 439 341 469 Ominus
364 435 473 469 Caffini
486 435 712 469 dissertationem
734 438 770 468 de
789 438 875 470 stellae
892 437 1004 472 Polaris
1017 441 1052 472 ab
1073 442 1134 486 ipso
1150 444 1253 476 mundi
1265 447 1317 478 Po-

214 480 242 511 lo
259 484 335 512 varia
355 482 488 513 distantia
505 483 535 512 in
553 491 611 512 uno
630 492 677 512 aut
700 480 789 512 altero
810 482 960 526 congressu
981 483 1048 527 legit
1065 498 1071 516 :
1091 489 1122 517 in
1145 498 1200 529 qua
1221 488 1318 522 obser-

79 527 231 555 vationum
255 525 520 556 Asttonomicarum
545 527 744 567 antiquitatem
764 537 798 557 ex
817 537 901 558 1200
926 530 1007 559 annis
1024 539 1089 559 ante
1112 531 1318 574 Hipparchum

75 567 208 598 deduxit.

119 615 131 642 Ι
147 614 170 641 1.
200 611 277 642 Cum
292 620 371 640 vetus
385 610 468 652 Jovis
485 609 596 641 macula
620 614 695 642 circa
723 623 753 652 ¹3
766 611 844 642 diem
862 613 992 656 januarii
1016 614 1138 646 rediiffet
1150 642 1160 655 ,
1179 618 1316 651 observa-

76 655 169 684 tiones
191 664 265 684 circa
282 653 355 683 hanc
372 653 512 684 maculam
528 653 543 683 a
572 653 597 684 se
613 653 700 685 factas
718 654 822 686 itidem
837 654 908 698 legit
940 657 1036 688 mense
1065 660 1175 691 Mattio
1201 684 1211 697 ,
1231 674 1316 706 ,atque

76 696 215 740 insignem
230 696 371 728 maculam
384 699 413 727 in
427 699 511 728 tertio
531 697 611 733 Iovis
629 697 748 729 satellite
761 697 777 728 ὲ
797 698 825 729 se
837 698 1044 743 deprehensam
1057 701 1217 736 admonuit.
1233 708 1314 748 Qu

75 743 160 771 etiam
175 740 318 782 quantum
332 743 438 771 variare
453 738 557 783 possint
574 740 718 784 eclipseon
735 741 889 773 satellitum
910 744 1021 787 phases,
1044 756 1162 789 propter
1183 759 1229 779 eas
1246 752 1313 792 qui-

74 781 127 814 bus
141 784 310 815 inficiuntur
335 782 482 820 maculas,
504 783 639 827 peculiari
661 783 765 828 scripto
787 785 927 828 exposuit.

118 830 177 859 Dic
195 841 222 869 13
246 829 346 858 Martii
368 825 581 858 observationes
598 827 657 859 suas
682 832 755 859 circa
777 828 947 860 concursum
961 832 1045 860 unius
1066 831 1081 863 ὲ
1104 832 1188 874 Jovis
1208 845 1306 869 maen.

73 869 109 900 lis
132 883 197 902 cum
213 871 313 902 umbra
333 872 418 914 primi
441 870 569 901 satellitis
590 870 604 900 ὲ
621 872 723 914 scripto
743 870 823 912 legit.

117 917 129 945 1
142 917 152 944 1
166 918 190 946 1.
215 915 292 945 Cum
309 916 350 945 D.
365 913 519 945 Chazelles
536 913 771 957 Hydtographiae
787 913 930 946 Professor
943 916 1052 958 Regina
1064 939 1073 952 ‚
1085 928 1161 949 nunc
1187 920 1304 952 Acade..

72 960 137 989 mix
159 960 260 989 Socius
277 957 521 989 Mediterraneum
545 968 622 988 mare
639 958 728 999 Regis
747 956 820 1000 jussu
841 957 988 994 lustraret,
1008 969 1091 1001 atque
1108 962 1303 996 immersiones

72 1004 159 1044 primi
172 1001 299 1033 satellitis
310 1002 394 1044 jovis
408 1000 536 1032 accurate
550 1000 725 1036 observaret,
740 999 853 1032 easdem
869 1004 987 1034 Lutetia·
1001 1005 1031 1033 δέ
1047 1003 1150 1036 iisdem
1162 1011 1303 1050 tempori..

71 1045 123 1076 bus
137 1045 178 1077 D.
196 1043 314 1076 Caffino
329 1043 516 1080 observante,
533 1042 695 1075 differentia
712 1044 901 1087 longitudinis
928 1047 1069 1078 Lutetiam
1094 1050 1169 1079 inter
1185 1052 1215 1081 &
1232 1052 1304 1082 Me-

70 1088 152 1119 litam
175 1088 300 1120 Insulam
323 1091 439 1119 inventa
453 1089 491 1119 est
513 1098 548 1121 ι).
566 1099 609 1130 gt.
624 1091 638 1118 8
662 1090 732 1118 min.
750 1099 787 1130 45
807 1088 859 1122 sec,
872 1088 986 1120 collatis
1000 1090 1233 1123 immersionibus
1245 1098 1303 1134 ejus

70 1131 197 1163 satellitis
219 1134 336 1163 Lutetiae
349 1135 397 1171 ,&
411 1131 524 1163 Melitae
539 1131 621 1162 fimul
635 1132 798 1176 perspecstis.
820 1133 953 1165 Latitudo
972 1132 1074 1165 Insulae
1089 1134 1249 1168 Melitensis
1261 1140 1303 1169 in·

71 1178 187 1207 inventa
212 1176 249 1206 est
269 1187 299 1217 35
320 1186 363 1217 gr.
386 1186 418 1216 53
438 1178 507 1207 min.
525 1186 558 1216 30
582 1174 635 1206 sec.

99 1221 161 1249 IV.
177 1218 330 1249 Consimili
341 1220 449 1249 ratione
460 1219 702 1250 Mediterraneum
714 1229 789 1249 mare
803 1218 838 1249 ad
855 1219 1107 1263 AEgyptumusque
1121 1232 1299 1263 percurrens,

70 1261 165 1294 mult&
183 1262 214 1293 id
234 1266 334 1304 majus,
352 1261 440 1303 quam
468 1273 564 1292 revera
589 1260 622 1291 sit
636 1283 644 1296 ,
658 1264 687 1291 in
709 1262 813 1291 chartis
836 1262 1010 1293 delineatum
1027 1267 1178 1305 comperit.
1196 1266 1301 1298 Altitu-

68 1306 167 1338 dinem
188 1304 252 1336 Poli
272 1316 300 1344 13
325 1307 396 1335 min.
415 1309 554 1346 majorem
571 1306 682 1334 invenit
696 1303 877 1335 Alexandriae
899 1304 986 1347 quam
1001 1305 1016 1335 a
1041 1305 1201 1338 Ptolcmaeo
1217 1320 1300 1341 nota-

68 1359 96 1380 ta
114 1347 199 1381 fuerit
213 1362 219 1379 z
234 1346 449 1390 longitudinum
462 1347 656 1378 differentiam
670 1349 813 1378 Lutetiam
829 1349 903 1379 inter
920 1352 950 1379 ὅ(
966 1347 1172 1380 Alexandriam
1189 1353 1300 1384 invenit

66 1393 151 1423 unius
174 1391 250 1423 horae
269 1401 372 1433 51,13,
388 1393 458 1421 inter
473 1392 614 1421 Lutetiam
628 1393 657 1421 δε
675 1391 818 1432 Magnum
830 1392 953 1422 Cai‘rum
964 1395 1046 1423 unius
1062 1392 1141 1424 horae
1166 1396 1201 1435 58
1214 1416 1223 1429 ,
1238 1407 1275 1426 20
1288 1418 1299 1432 ,

67 1434 115 1466 sed
139 1435 175 1467 dc
202 1436 245 1465 his
265 1433 339 1464 infra
358 1431 456 1465 fufius.

110 1480 148 1509 V.
178 1479 237 1509 Die
253 1489 287 1509 12
313 1476 395 1518 Junii
414 1474 490 1507 filius
509 1479 550 1508 D.
567 1475 689 1512 Canini,
704 1487 846 1508 annuente
862 1475 999 1509 illustriss.
1014 1480 1077 1509 vito
1088 1481 1129 1511 D.
1143 1480 1191 1510 De
1204 1480 1298 1513 Pont-

66 1522 233 1557 chartrain,
252 1524 283 1551 &
299 1518 450 1562 perillustri
471 1520 583 1551 Abbate
605 1522 731 1563 Bignon,
743 1524 773 1552 in
788 1519 975 1551 Academiam
999 1521 1101 1553 ascitus
1123 1521 1230 1554 tabulas
1247 1536 1298 1555 ex-

66 1565 159 1596 hibuit
184 1565 199 1595 Ξῑ
220 1565 246 1595 se
263 1573 440 1606 computatas
459 1588 468 1599 ,
496 1563 598 1605 quibus
615 1565 650 1595 ad
670 1562 830 1606 quamlibet
859 1563 943 1595 stella:
972 1564 1082 1596 Polaris
1113 1565 1297 1600 altitudinem

65 1619 248 1651 quacumque
269 1608 340 1638 hora
361 1606 439 1641 diei,
462 1610 492 1638 &
509 1610 613 1648 quovis
634 1607 680 1638 die
701 1606 806 1649 ubique
828 1618 965 1638 terrarum
988 1611 1046 1648 ejus
1066 1608 1193 1640 deviatio
1216 1611 1296 1642 hori-

63 1651 189 1683 zontalis
207 1652 243 1682 ad
262 1661 359 1682 ortum
372 1672 381 1685 ‚
408 1649 451 1681 vel
476 1649 607 1680 occasum
628 1649 807 1692 dignoscitur
821 1672 831 1687 ‚
854 1662 885 1682 ut
906 1650 1051 1695 explorata
1070 1651 1209 1686 habeatur
1232 1665 1297 1687 acus

65 1698 232 1737 magneticae
244 1693 421 1729 declinatio,
449 1697 479 1724 δε
497 1693 561 1724 Poli
581 1692 713 1724 altitudo.

98 1740 162 1769 VI.
188 1741 246 1771 Die
270 1750 306 1771 22
320 1736 400 1779 junii
415 1735 524 1780 eclipsis
544 1735 619 1768 Solis
641 1735 656 1767 a
675 1739 713 1769 D.
736 1739 778 1770 D.
798 1735 909 1769 Caffini
924 1740 955 1769 δε
978 1740 1025 1770 De
1044 1737 1070 1770 la
1091 1740 1187 1774 Hire,
1200 1751 1294 1782 quan.

67 1781 131 1813 tum
151 1793 200 1824 per
215 1782 324 1813 coelum
343 1779 467 1811 nubibus
487 1779 646 1811 obductum
669 1779 730 1812 fieri
753 1784 868 1825 potuit,
885 1781 1031 1813 observata
1046 1782 1110 1814 fuit.
1124 1783 1257 1825 Lugduni
1279 1784 1294 1813 ὲ

68 1826 111 1856 Ι).
138 1824 256 1862 Cusset,
277 1825 428 1856 Avenione
451 1823 467 1853 ὲ
493 1825 526 1855 P.
546 1825 639 1857 Bonfa
664 1825 812 1857 Societatis
831 1825 929 1868 Jesu
946 1825 1103 1857 accuratius
1126 1838 1157 1857 ea
1171 1826 1226 1857 fuit
1239 1826 1293 1858 ob-

67 1869 186 1900 servata.

113 1911 244 1955 Lugduni
265 1913 383 1954 incoepit
404 1911 474 1942 hora
494 1923 591 1956 quarta
609 1915 647 1950 48
664 1935 672 1947 ,
692 1918 745 1948 163
765 1913 845 1946 dcfiit
864 1911 934 1944 horai
956 1911 1050 1948 sexta,
1069 1924 1097 1945 12
1110 1934 1118 1947 ,
1145 1923 1193 1951 33.
1216 1914 1290 1942 Ave-

67 1959 155 1987 nione
176 1955 225 1986 Sol
249 1957 368 1997 incoepit
387 1952 507 1986 deficere
530 1954 600 1987 hora
621 1955 785 2000 quatt³21‚51
813 1960 884 1988 min.
908 1970 935 1988 21
957 1955 1010 1987 sec.
1031 1957 1161 1986 Maxima
1185 1954 1291 1985 obscu-

68 2002 134 2032 ritas
155 1999 207 2030 fuit
231 2009 245 2028 2
268 1998 350 2040 digit.
367 1998 384 2042 -ζ
410 1998 480 2029 hori
499 1998 599 2043 quinti
622 2011 658 2039 34
677 2003 748 2031 min.
764 2012 798 2040 ²3
828 1998 879 2032 sec.
901 2002 976 2031 Finis
991 1997 1062 2031 hori
1077 1996 1151 2029 sexti
1169 2009 1197 2033 ¹9
1218 1999 1290 2029 min.

72 2055 110 2087 24
132 2045 183 2077 sec.
1293 2066 1295 2068 .

111 2091 197 2120 Lunae
210 2088 316 2133 eclipsis
329 2090 375 2122 die
388 2103 406 2133 7
425 2087 498 2134 Julii
509 2090 582 2120 circa
596 2090 696 2124 horam
713 2093 835 2135 primam
851 2089 866 2120 Ξι
881 2089 973 2122 media
982 2090 1067 2120 ηοέὶε
1081 2088 1096 2117 ὲ
1116 2088 1156 2118 D·
1168 2087 1209 2117 D·
1225 2085 1292 2116 Cas-

1031 2134 1088 2175 Q
1113 2133 1142 2172 hi

1331 145 1433 188 Astm-

1333 192 1432 221 uomica
