1638 2345
304 100 596 132 ACADEMIAE
631 100 1119 136 HISTORIA.L12.1V.
1252 114 1267 137 2

77 143 255 188 triangulum
269 146 295 175 A
311 147 345 176 M
359 145 390 175 N
406 167 414 180 ‚
425 155 547 187 cumque
559 143 698 187 triangula
709 143 761 176 sint
777 144 898 182 similia,
908 146 1007 177 eadem
1021 148 1058 178 est
1077 152 1149 178 ratio
1160 158 1222 190 quae
1235 118 1303 191 quil
1320 149 1388 178 Geo-

76 187 151 218 drati
171 189 198 219 A
216 191 236 219 Β
262 189 297 220 ad
319 187 487 231 quadratum
514 190 540 219 A
560 190 607 219 Μ.
631 190 708 231 Ergo
729 188 893 221 velocitates
913 201 980 232 quas
1000 202 1172 235 unoquoque
1200 194 1303 224 instan-
1319 201 1393 223 metr.

77 233 99 261 ti
118 235 255 275 temporis
271 244 373 275 corpus
388 235 417 263 in
429 232 562 264 descensu
578 230 760 274 consequitur
773 253 792 268 ,›
806 235 835 263 in
859 245 946 264 unam
963 232 1101 265 summam
1119 238 1221 267 coactae
1245 237 1305 269 sunt

76 276 150 304 inter
174 275 200 306 se
218 286 248 306 ut
267 276 401 318 quadrata
420 287 582 319 temporum
601 286 663 318 quae
678 280 750 307 inter
764 275 993 308 descendendum
1017 278 1204 310 insumuntur.
1228 280 1305 311 Cum

77 328 172 349 autem
193 318 308 350 effeetus
327 319 379 350 sint
403 319 456 349 suis
481 318 566 352 causis
584 322 795 362 proportionati
813 341 824 356 ‚
847 319 940 363 palam
967 322 1005 352 est
1026 321 1110 364 spatia
1137 321 1152 351 ὲ
1174 328 1306 366 corpori-

78 359 131 390 bus
153 366 181 392 in
200 361 333 393 descensu
358 373 501 406 peragrata
520 362 573 393 else
601 374 632 393 ut
653 362 701 392 has
729 362 850 393 summas
871 363 1056 395 velocitatum
1080 379 1086 395 :
1111 376 1179 407 ergo
1207 367 1306 398 eadem

78 401 164 445 spatia
184 403 245 435 sunt
265 405 363 436 itidem
377 415 407 436 ut
425 405 559 447 quadrata
574 416 746 448 tempotum.
772 406 862 447 Qod
877 405 1104 438 demonstratum
1121 412 1258 451 oportuit.

120 447 201 478 Idem
219 448 266 480 die
290 460 323 485 29
350 451 449 480 Martii
473 448 676 480 demonstravit
698 461 803 480 novam
826 450 1001 493 quadraturae
1019 450 1142 494 cujusvis
1168 452 1307 495 parabola·

77 500 229 522 rationem.

125 536 150 564 V
166 536 214 565 11.
252 537 373 566 Ineunte
401 536 455 566 hoc
476 547 551 566 anno
576 539 616 569 D.
634 537 798 568 Amontons
819 540 863 568 vir
880 537 981 568 doetus
996 560 1006 572 ,
1028 540 1058 567 δε
1080 541 1108 568 in
1129 539 1310 570 Mechanicis

78 578 232 619 prasertim
257 578 343 608 solers
357 578 513 610 admodum
536 582 566 609 δε
591 582 757 611 exercitatus
772 603 782 616 ,
805 580 983 624 clepsydram
1006 580 1152 624 proposuit
1172 581 1188 611 ὲ
1210 584 1234 612 se
1255 595 1307 613 cx-

77 624 229 661 cogitatam
243 620 424 652 dimetiendis
441 622 617 666 temporibus
629 623 884 654 accommodatam.
911 627 996 655 Hanc
1010 636 1127 655 excunte
1140 636 1217 655 anno
1232 631 1306 666 1694

78 664 186 705 publici
212 667 282 707 juris
311 664 376 697 fecit
400 666 496 697 multis
516 665 763 697 observationibus
784 666 910 708 Phyficis
931 668 1041 698 anetam
1067 679 1075 701 ·,
1098 667 1202 698 librum
1227 670 1306 700 suum

80 707 192 738 Gallice
210 708 344 753 scriptum
370 709 531 741 Academiae
548 709 656 741 dicavit
671 736 679 747 ‚
702 714 729 741 in
754 722 810 754 quo
828 710 916 742 multa
937 721 1033 741 extant
1054 712 1126 741 circa
1148 711 1203 742 hoc
1221 723 1310 755 genus

77 750 288 794 clepsydrarum
303 776 312 789 ,
338 755 494 785 Barometri
517 757 610 789 novi,
636 757 666 784 &
693 755 909 785 Thermometti
937 753 1076 785 fabricam
1097 758 1311 798 experimenta,

78 804 141 835 qua:
160 800 256 838 magni
272 796 335 827 usus
351 795 405 827 csse
423 795 536 841 possunt
554 819 563 832 ,
593 807 712 839 quaeque
738 800 765 828 in
786 798 906 828 secunda
928 796 1106 842 potiffimum
1130 809 1208 840 parte
1229 800 1313 841 hujus

78 838 208 880 opusculi
222 842 412 874 continentur.
434 841 500 884 Jam
517 839 570 870 alia
583 840 739 883 protulerat
759 840 774 870 ὲ
791 841 818 872 se
841 844 958 873 inventa
972 844 1046 872 circa
1067 853 1110 873 res
1128 842 1313 873 Mechanicas

79 892 144 924 qua:
168 883 331 915 Academiae
351 884 471 927 probata
494 884 614 915 fuerant.

127 928 235 958 VIII.
278 927 429 959 Februario
453 928 548 958 mense
575 928 613 956 D·
633 930 784 970 Vatignon
807 925 843 956 dc
863 927 1061 958 machinarum
1085 926 1135 957 usu
1157 931 1186 957 in
1211 928 1313 970 quibus

81 967 177 999 nullus
195 970 233 1000 cst
253 973 374 1014 partium
393 970 542 1006 afftietus,
565 969 661 1013 quales
683 971 855 1012 excogitavit
880 971 921 1000 D.
937 970 1067 1001 Pertault
1090 969 1315 1002 dissertationem

82 1011 173 1055 legit,
194 1024 257 1055 quae
277 1015 369 1057 postea
386 1014 421 1045 ab
449 1027 483 1045 eo
507 1015 587 1045 aucta
609 1012 686 1048 fuit,
715 1016 744 1044 &
768 1013 849 1043 Actis
872 1015 937 1042 anni
957 1020 1026 1052 1693
1047 1014 1156 1044 inserta.
1180 1014 1261 1045 Idem
1281 1015 1317 1045 de

81 1058 110 1086 vi
130 1055 242 1087 funium
266 1060 296 1088 &
313 1057 494 1089 vinculorum
511 1056 613 1100 quibus
633 1056 825 1099 virgultorum
847 1055 932 1086 fasces
953 1058 1205 1099 constringuntur,
1221 1061 1252 1089 δέ
1268 1069 1317 1089 cur

80 1109 155 1142 aegre
174 1099 387 1143 disrumpantur
409 1100 547 1132 disseruit.

128 1146 207 1174 Tum
235 1148 319 1175 etiam
341 1155 472 1175 motuum
492 1144 714 1175 acceleratotum
738 1142 832 1187 leges,
854 1148 931 1185 juxta
954 1155 1057 1175 omnes
1075 1154 1138 1186 quae
1164 1147 1318 1186 excogitari

83 1184 199 1228 possunt
219 1187 432 1219 accelerationis
451 1187 598 1219 ordinatas
615 1189 762 1223 rationes,
785 1187 915 1229 exposuit
936 1209 946 1222 ‚
971 1199 1034 1230 qua:
1059 1189 1090 1217 in
1115 1188 1196 1218 Actis
1218 1187 1319 1218 menfis

85 1231 162 1260 Maii
184 1242 248 1273 pag.
264 1243 306 1271 93.
318 1234 512 1262 continentur.
537 1232 603 1274 jam
619 1242 700 1261 antea
722 1232 897 1273 principium
909 1230 1040 1271 generale
1052 1230 1225 1266 tradiderat,
1241 1231 1321 1272 quod

80 1273 120 1304 rad
141 1285 241 1304 omnes
263 1286 357 1305 motus
373 1277 496 1318 pertinet
509 1297 518 1310 ‚
535 1273 670 1316 quodque
687 1275 718 1303 in
740 1273 815 1303 Aeta
839 1272 941 1304 mensis
965 1273 1139 1304 Decembris
1160 1276 1227 1304 anni
1247 1279 1322 1313 1691.

85 1316 206 1348 relatum
221 1319 268 1349 est.
295 1321 445 1358 Qantum
460 1318 542 1358 hujus
555 1319 693 1348 enuntiati
716 1327 823 1360 pateret
843 1315 1016 1347 foecunditas
1027 1340 1037 1352 ‚
1059 1329 1093 1347 ex
1106 1317 1226 1348 tractatu
1241 1317 1323 1347 Gali-

86 1357 133 1390 laei
156 1361 192 1390 de
213 1371 295 1392 motu
322 1361 455 1403 aequabili
481 1360 685 1391 demonstravit
717 1372 724 1390 :
754 1362 800 1390 cui
829 1361 1002 1402 principium
1032 1359 1113 1390 suum
1149 1358 1185 1389 sic
1216 1363 1322 1401 aptavit

87 1403 130 1433 D.
148 1406 296 1446 Varignon
321 1427 329 1439 ‚
354 1415 385 1435 ut
412 1403 538 1445 regulam
558 1402 720 1446 generalem
742 1405 824 1432 omni
849 1406 945 1444 generi
968 1413 1064 1434 motus
1084 1401 1232 1445 aequabilis
1254 1402 1323 1433 hinc

85 1445 246 1480 deduxerit.
267 1449 338 1479 Haec
360 1446 463 1490 regulae
488 1449 610 1477 rationes
631 1457 732 1477 omnes
752 1448 783 1476 δέ
800 1444 982 1476 habitudines
997 1458 1060 1488 quae
1079 1447 1236 1487 excogitari
1257 1446 1324 1488 pos-

87 1488 151 1520 sunt
164 1493 236 1521 inter
249 1493 389 1534 potentias
411 1493 544 1521 motrices
557 1516 565 1529 ,
584 1501 739 1533 corporum
763 1499 910 1520 motorum
927 1488 1019 1520 moles
1042 1488 1087 1520 seu
1100 1488 1229 1533 pondera
1240 1510 1250 1524 ‚
1272 1489 1325 1527 deff

86 1533 167 1564 cursa
183 1533 289 1579 spatia,
308 1533 435 1579 impensa
451 1545 579 1577 tempora
594 1556 604 1569 ,
629 1538 660 1566 δε
680 1533 847 1564 velocitates
867 1531 1078 1577 complectitur.

344 1726 628 1770 SECTIO
695 1726 1078 1768 SECUNDA.

350 1827 411 1866 De
438 1826 542 1870 Affis
573 1823 784 1868 Academicis
813 1825 898 1865 anni
931 1834 984 1867 16
995 1838 1069 1874 93,

188 1927 241 1958 Uae
263 1926 338 1969 gesta
358 1925 420 1958 sunt
441 1931 470 1959 in
497 1927 651 1958 Academia
678 1938 752 1958 anno
778 1931 843 1967 1693
866 1926 926 1957 haec
945 1934 1048 1966 magna
1069 1935 1102 1953 ex
1123 1934 1200 1966 parte
1223 1919 1325 1951 collata

98 1928 176 2012 Q
191 1968 252 2000 sunt
272 1974 301 2000 in
327 1970 400 2000 Asta
421 1971 523 2002 eodem
549 1982 624 2002 anno
643 1970 785 2015 publicata
805 1983 813 2006 ·‚
833 1969 905 2003 adeo
929 1979 959 1999 ut
982 1966 1065 1998 nobis
1081 1967 1143 1996 satis
1166 1965 1250 1996 fucrit
1274 1963 1324 1996 illa

101 2015 227 2046 indicare
253 2017 283 2047 ὃς
308 2014 426 2045 strictim
447 2014 604 2048 decurrere.

1056 2142 1120 2169 Oo
1155 2140 1182 2179 iij
