1638 2345
272 131 572 163 ACADEMIAE
616 131 890 163 HISTORIA
925 131 1066 164 Ltn.1,
1242 137 1256 164 8

53 172 258 217 inquirendum
283 175 364 205 restat
382 186 415 205 an
439 174 513 206 forte
535 174 675 217 quiddam
705 178 733 206 in
761 173 924 205 elementari
951 175 1040 216 globo
1070 186 1128 205 non
1148 146 1276 210 abfin11{
1289 180 1386 218 Degra

53 228 205 248 occurrat;
229 229 264 249 an
288 229 382 248 motus
404 217 523 259 alicujus
546 222 670 248 miteriae
696 217 790 248 versus
823 229 953 248 centium
980 219 1128 260 prorrudat
1158 230 1277 263 corpora
1290 223 1385 250 vitate.

53 259 204 295 castiora,
226 272 261 290 an
282 260 335 291 alia
357 264 502 303 gravitatis
522 262 712 303 phaenomena
724 262 790 291 hinc
812 260 945 303 explicari
962 259 1089 302 posunt?

86 306 175 335 XIII.
205 303 294 346 Qod
317 303 336 334 fi
351 306 427 334 enim
446 303 504 334 sola
518 305 550 335 fit
572 305 674 335 mundi
691 303 871 334 elementatis
895 304 997 335 diurna
1011 307 1129 347 agitatio
1147 327 1156 339 ,
1176 308 1204 336 in
1218 307 1277 337 eas-

52 345 120 377 dem
142 358 236 390 patres
253 345 401 378 conversio
425 358 536 378 terrena
555 359 676 390 corpora
696 347 789 377 secum
806 346 942 390 abripiet,
964 357 993 377 ut
1012 350 1040 378 in
1057 348 1144 378 allato
1170 361 1277 388 experi-

52 401 152 421 mento
171 401 239 432 aqua
259 390 404 433 pulverem
421 390 545 421 buxeum
563 393 619 421 una
645 391 737 422 secum
758 391 837 420 vehit
852 403 859 421 ε
884 401 936 420 nec
952 401 1047 420 tamen
1063 394 1100 421 ira
1117 390 1157 422 fir.
1183 390 1276 423 D‘ein—

53 432 89 463 de
102 445 221 478 corpora
244 444 306 475 quae
320 436 468 464 communi
485 434 550 465 huic
565 436 689 465 motioni
709 433 893 464 obluctantur
905 458 914 469 ,
929 444 987 463 non
1008 433 1044 464 ad
1063 445 1192 465 centrum
1207 458 1215 471 ,
1231 436 1277 467 sed

53 474 149 506 versus
169 487 250 507 axem
268 487 348 507 terra:
374 488 423 519 per
445 478 532 508 restas
552 477 588 508 ad
601 489 682 508 axem
691 477 793 508 mundi
813 476 1059 520 perpendiculares
1083 477 1276 521 impellentur.

53 518 88 549 Id
120 530 235 563 quoque
252 530 316 550 cum
340 523 513 563 experientia
537 532 643 564 pugnat
663 535 670 553 :
696 532 754 551 non
790 523 875 562 igitur
894 531 927 549 ex
951 519 1002 550 illa
1027 520 1175 564 hypothesi
1194 522 1278 554 diur-

54 572 97 592 nae
120 565 267 605 vertiginis
290 574 487 598 terram-notus
511 568 643 606 gravium
664 564 727 595 satis
749 563 813 607 apte
835 562 993 594 deducitur.

93 607 179 638 XIV.
202 608 300 647 Qare
322 617 352 636 ut
368 606 509 649 quiddam
525 606 676 637 verisimile
697 607 775 637 statui
791 604 876 649 poffir
887 629 896 641 ‚
917 617 1055 649 ponamus
1071 606 1190 649 spatium
1205 606 1277 639 illud

54 659 143 679 omne
166 650 343 692 Sphaericum
362 659 442 680 terrae
469 649 662 680 circunfusum
691 649 780 680 fluidi
802 649 920 680 materia
945 661 979 679 ex
1002 649 1196 680 minutiffimis
1213 662 1278 681 eor-

54 691 179 734 pusculis
203 691 346 727 conflati,
371 695 402 722 &
420 692 498 722 varie
523 695 551 722 in
573 704 674 723 omnes
692 704 784 737 partes
810 695 913 734 agitata
936 692 1088 735 compleri.
1114 694 1192 724 Cum
1220 695 1279 724 hoec

55 737 175 766 materia
197 747 231 765 ex
254 747 288 765 eo
306 734 394 778 spatio
415 738 492 766 exire
519 746 641 778 nequeat
661 759 670 771 ,
706 737 785 777 quod
802 735 916 767 obstent
934 737 1117 777 circumjeela
1140 747 1280 780 corpora,

55 788 152 809 motus
169 777 246 809 illius
259 781 443 821 quantumvis
458 778 561 811 diversi
572 783 600 810 in
619 780 769 823 Sphaericis
793 778 994 823 superficiebus
1010 782 1083 809 circa
1101 774 1229 810 centrum
1245 779 1279 810 il-

56 820 111 852 lius
135 822 215 864 spatii
236 825 359 854 maxima
376 832 408 851 ex
431 833 509 866 parre
533 834 719 865 peragentur,
743 822 824 867 quod
839 825 966 853 materiae
986 834 1020 852 eo
1041 821 1128 865 spatio
1144 822 1282 854 conclusae

56 866 87 895 in
111 865 209 896 orbem
229 864 369 896 faciliores
395 864 447 895 sint
466 876 562 896 motus
580 865 728 897 circulares
751 866 839 908 quam
859 865 879 896 fi
902 867 970 896 recti
993 863 1089 896 essent.
1113 867 1155 897 Hi
1176 870 1281 910 quippe

56 907 109 939 sibi
129 908 232 939 mutuo
260 908 492 944 adversarentur,
512 919 594 951 atque
615 921 647 940 ex
670 908 825 940 reflexione
839 909 897 953 ipsa
921 931 931 945 ‚
960 920 1026 940 cum
1046 909 1160 939 inclusae
1191 922 1280 940 mate-

55 954 104 982 riae
132 951 227 982 nullus
253 951 336 982 detur
368 953 460 982 exitus
489 975 497 987 ,
533 963 628 983 motus
662 951 706 984 illi
727 954 797 983 testi
827 955 857 982 in
884 952 1033 984 circulares
1065 963 1280 984 convertentur.

60 995 130 1024 Hoc
152 994 248 1025 videte
269 995 307 1025 est
323 998 353 1026 in
371 994 540 1036 probatione
555 999 663 1038 argenti
682 1007 731 1038 per
753 995 917 1039 cupellam:
935 1007 1002 1026 narn
1022 994 1156 1038 globulus
1185 996 1282 1038 plum-

59 1036 89 1067 bi
111 1039 157 1067 cui
182 1037 332 1068 admistum
354 1038 391 1067 est
415 1049 562 1080 argentum
576 1061 586 1074 ‚
609 1041 684 1081 ignis
697 1037 791 1069 calore
815 1040 890 1070 circa
907 1039 986 1069 suum
1004 1049 1133 1069 centrum
1151 1039 1283 1070 modom

60 1091 146 1111 unam
160 1103 169 1116 ,
194 1080 286 1112 modo
304 1084 334 1111 in
356 1080 440 1111 aliam
456 1092 564 1123 partem
586 1093 672 1125 quam
690 1079 822 1112 citissime
834 1092 927 1124 gyrat.
944 1081 1025 1112 Idem
1055 1081 1155 1112 accidit
1175 1085 1205 1112 in
1226 1081 1285 1112 sebi

59 1123 192 1163 guttula,
211 1135 276 1155 cum
302 1122 426 1154 flammae
445 1123 566 1155 accensae
579 1124 703 1155 candelae
728 1124 908 1156 admovetur.
933 1123 988 1155 Etsi
1012 1135 1106 1155 autem
1128 1136 1223 1155 morus
1248 1124 1284 1156 il-

73 1178 82 1197 1
102 1167 253 1198 circulares
270 1170 300 1197 in
315 1166 437 1198 diversas
456 1178 549 1210 partes
563 1168 617 1198 aeti
628 1166 677 1198 fibi
692 1167 795 1198 mutuo
819 1167 954 1198 videntur
974 1167 1082 1198 obstare
1096 1189 1105 1202 ‚
1119 1179 1221 1210 magna
1243 1179 1284 1202 ta-

61 1220 128 1241 men
150 1209 305 1241 substantiae
327 1211 452 1241 aethereae
470 1210 638 1247 mobilitas,
663 1213 692 1241 &
710 1208 896 1242 minutiss'xma
917 1210 1020 1253 quibus
1042 1210 1147 1241 constat
1170 1211 1287 1253 corpus-

61 1253 144 1289 cula,
170 1256 199 1284 in
215 1253 294 1284 causa
313 1252 374 1284 sunt
391 1276 400 1288 ,
421 1265 472 1285 cur
495 1264 554 1284 tam
575 1253 700 1285 diversas
718 1257 886 1296 agitationes
909 1253 981 1285 ferat
994 1277 1004 1289 ,
1037 1257 1067 1285 ὅ(
1086 1264 1170 1296 penes
1195 1257 1286 1285 varias

61 1307 216 1340 corporum
233 1296 393 1327 collisiones
404 1319 415 1332 ,
427 1296 461 1328 ad
478 1299 609 1339 quamvis
619 1296 832 1340 impressionem
849 1297 1045 1340 excipiendam
1062 1296 1092 1327 fit
1109 1309 1203 1339 parata
1219 1311 1224 1328 ε
1243 1296 1288 1328 sed

22 1349 27 1355 ·
62 1348 157 1370 tamen
173 1339 323 1371 circulares
340 1351 434 1371 motus
456 1342 531 1372 circa
559 1351 664 1372 terram
683 1343 793 1372 caeteris
811 1340 948 1371 omnibus
965 1339 1027 1371 sunt
1047 1343 1174 1385 potiores
1187 1363 1196 1375 ,
1213 1343 1243 1371 &
1260 1344 1289 1371 vi

63 1386 172 1424 majore
186 1383 340 1414 donantur.

94 1428 175 1457 XV.
207 1426 298 1468 Qod
320 1425 339 1457 fi
363 1429 450 1469 igitur
476 1425 621 1458 craffiores
642 1426 775 1470 quaedam
811 1438 903 1470 partes
931 1426 1046 1457 alterius
1071 1431 1219 1462 materiae,
1244 1439 1290 1459 aut

63 1468 128 1500 aliae
145 1469 208 1500 aliis
234 1469 387 1514 implicatae
409 1470 521 1501 obstent
550 1493 560 1506 ‚
584 1469 742 1514 quominus
777 1469 882 1513 rapidae
902 1468 980 1501 illius
1013 1472 1138 1500 mareriae
1167 1474 1290 1502 motioni

64 1511 256 1555 obsequantur
273 1539 282 1548 ‚
317 1512 412 1543 versus
437 1524 567 1545 centrum
603 1513 700 1545 motus
731 1514 780 1544 has
812 1513 889 1544 trudi
913 1511 1020 1542 neceffe
1044 1512 1090 1542 est.
1127 1514 1218 1553 Cujus
1251 1518 1291 1545 rei

65 1555 164 1586 eadem
180 1558 218 1588 est
230 1559 299 1586 ratio
315 1578 325 1592 ‚
343 1566 406 1598 quae
428 1555 505 1587 allati
525 1559 723 1600 experimenti.
743 1559 888 1598 roirca
907 1555 1039 1598 cujusque
1054 1559 1182 1598 corporis
1195 1560 1292 1599 gravi-

66 1608 107 1629 tas
124 1610 183 1630 non
204 1598 280 1630 aliud
301 1599 437 1641 quiddam
450 1600 487 1630 est
506 1599 593 1641 quam
608 1601 682 1631 aetio
701 1599 796 1630 fluidae
812 1602 934 1630 materiae
948 1601 1020 1630 circa
1034 1597 1144 1629 telluris
1162 1611 1291 1631 centrum

67 1642 96 1671 in
117 1653 216 1672 omnes
231 1646 469 1686 partes-agitatae,
486 1642 542 1686 qu}⁴
562 1643 578 1673 ὲ
596 1654 695 1674 centro
719 1643 849 1674 recedere
867 1645 983 1678 nititur,
1003 1645 1033 1673 &
1050 1642 1145 1672 minus
1160 1642 1291 1685 sequaces

67 1687 97 1715 in
113 1686 190 1715 suum
211 1685 307 1716 locum
331 1676 480 1717 substituit.
506 1686 583 1717 Cum
599 1689 676 1717 enirn
698 1698 730 1716 ea
748 1697 869 1730 corpora
889 1685 928 1716 ob
946 1689 1086 1727 majorem
1109 1685 1217 1716 molem
1233 1698 1291 1717 ma-

68 1731 144 1758 teriae
159 1732 188 1758 in
209 1740 310 1759 omnes
330 1740 419 1772 partes
432 1731 541 1771 agitata:
562 1731 651 1759 varias
671 1728 866 1772 impreffiones
879 1754 888 1764 ‚
912 1732 942 1760 &
958 1728 1026 1771 saepe
1041 1727 1093 1758 fibi
1106 1728 1233 1760 adversas
1246 1742 1291 1761 ex-

69 1773 176 1812 cipiant
189 1794 198 1806 ‚
219 1772 314 1802 morus
332 1775 493 1802 communis
512 1771 725 1815 impreffionem
738 1775 884 1803 amittunt.

109 1815 136 1843 X
149 1817 173 1844 V
187 1817 215 1845 Ι.
230 1816 323 1857 Atque
339 1816 386 1845 ista
402 1814 548 1846 intelleetu
562 1826 620 1846 non
636 1815 698 1846 sunt
710 1813 840 1846 difficilia
850 1837 860 1851 ,
882 1813 901 1845 fi
923 1812 1062 1845 infinitam
1075 1825 1164 1856 prope
1178 1816 1294 1859 corpus-

70 1855 202 1886 culorum
219 1879 228 1892 ,
252 1858 355 1898 quibus
379 1861 496 1889 materia
520 1861 664 1900 gravitatis
692 1857 821 1890 effectrix
834 1858 943 1888 constat
964 1880 972 1892 ,
987 1859 1171 1899 exiguitatem
1193 1862 1294 1890 acriori

72 1903 169 1929 animo
187 1901 420 1943 contemplemur.
437 1902 517 1931 Nam
537 1912 656 1945 corpora
671 1901 739 1932 vafis
763 1900 912 1932 metallicis
925 1900 1031 1932 inclusa
1046 1899 1118 1930 nihil
1128 1901 1167 1931 dc
1179 1902 1223 1931 sua
1236 1914 1297 1944 gra-

73 1946 160 1973 vitati·
177 1942 358 1984 deperdunt:
379 1944 457 1986 quod
482 1944 632 1975 substantia
655 1945 738 1986 hujus
761 1948 906 1986 gravitatis
931 1944 1011 1974 causa
1034 1952 1152 1987 corpora
1177 1955 1296 1986 quaeque

73 1988 159 2015 etiam
183 1985 317 2017 solidiora
333 1998 477 2028 penetret,
495 1990 536 2018 uti
560 1991 590 2018 &
608 1999 724 2030 magnes
747 1990 775 2017 in
797 1987 904 2019 ferrum
921 1990 982 2018 vim
998 1987 1073 2017 suam
1090 1991 1194 2022 exerit,
1211 1990 1295 2017 eriam

75 2040 124 2072 per
147 2032 251 2059 vitrum
272 2031 460 2070 iiiteijeclum.
482 2031 565 2073 Qin
588 2034 618 2061 &
635 2029 795 2062 solidiffimi
815 2033 943 2074 corporis
955 2041 1046 2073 partes
1065 2033 1172 2060 intima:
1186 2030 1298 2072 pondus

75 2083 199 2114 augent:
223 2084 253 2102 ea
272 2075 380 2102 ratione
403 2071 493 2102 moles
514 2076 607 2115 major
628 2075 666 2104 est
685 2085 770 2105 :nam
793 2073 941 2105 substantia
966 2073 1015 2103 illa
1041 2072 1127 2102 fluida
1145 2075 1174 2102 in
1197 2084 1297 2103 omnes

76 2114 226 2158 particulas
247 2118 376 2159 corporis
399 2118 460 2147 vim
480 2115 558 2160 suam
574 2120 740 2160 expromit,
766 2117 847 2161 quod
867 2117 906 2149 ob
927 2119 1104 2188 tenuitatcni
1117 2115 1193 2146 suam
1209 2126 1297 2158 angu-

1127 2169 1145 2195 ll
