1638 2345
262 100 559 134 'ACADEMIAE
594 104 908 138 HISTORIAL
943 107 1023 138 [11³.
1053 108 1125 143 111.
1252 124 1265 144 2

115 143 257 187 Exemplo
272 158 331 177 rem
351 147 478 178 illustrat.
504 149 584 178 Dum
605 160 671 179 acus
692 153 802 180 nautica
826 153 856 180 in
875 153 978 194 capite,
996 151 1040 181 scu
1062 154 1090 181 in
1103 125 1304 197 promontorlg
1318 154 1413 194 Astra-

69 185 136 218 'Das
152 188 262 229 Agulas
277 212 286 224 ,
317 190 362 221 seu
383 201 482 221 acuum
497 213 506 226 ‚
529 202 623 233 neque
641 191 678 221 ad
701 204 797 223 ortum
814 215 824 229 ,
847 205 937 237 neque
953 194 988 225 ad
1008 200 1140 228 occatum
1166 199 1300 230 deflecte·
1314 209 1380 232 ηοω,

70 229 140 269 bat,
164 229 212 260 sed
229 231 285 263 fixa
299 244 357 264 erar
379 234 415 264 ad
440 245 592 277 utrumque
614 235 715 265 mundi
739 235 837 278 polum
852 259 860 271 ,
885 236 1056 280 Ulyffipone
1078 241 1171 271 versus
1191 245 1301 273 Orien-

69 283 129 304 tem
147 285 166 312 7
184 276 205 318 -ζ
226 276 305 316 grad.
327 276 499 308 declinabat.
524 278 602 308 Cum
625 289 717 309 autem
735 278 905 322 Ulyss'ipone
925 287 943 310 6
965 292 1006 322 gr.
1029 283 1049 324 ξ
1067 286 1269 316 tantummodo
1284 286 1300 316 i

69 321 164 351 Borea
181 321 310 355 deflectit
328 347 338 360 ‚
360 335 420 356 uno
440 324 530 366 gradu
549 328 625 354 circa.
645 330 876 368 promontorium
902 339 1001 359 acuum
1017 330 1111 361 versus
1139 332 1248 362 Ortum
1269 344 1301 362 ea

67 362 214 396 declinare
234 370 333 410 incipit
358 380 364 397 :
385 366 431 398 sed
450 368 565 409 lingulis
588 368 649 409 post
669 372 748 399 annis
765 381 796 399 ea
814 369 921 401 crescit.
950 371 997 401 Ab
1021 385 1055 403 eo
1075 372 1139 403 loco
1161 373 1194 404 ad
1219 374 1298 406 Insu-

67 404 126 437 lam
148 410 244 440 Sansti
261 411 405 440 Laurentii
426 422 541 453 augetur
561 410 609 441 illa
625 411 779 442 declinatio
793 435 802 447 ‚
823 425 942 456 quaequc
968 425 992 452 13
1017 415 1096 458 grad.
1109 427 1173 447 ante
1188 415 1299 452 fut-rar,

65 451 125 490 jam
143 452 182 482 est
203 464 236 492 ¹4
248 452 328 493 grad.
352 455 431 484 Hinc
448 457 627 485 imminuitur
637 455 673 485 ad
696 455 907 487 Mosambicum
927 457 1003 487 littus
1027 470 1040 498 ς
1067 459 1124 489 fere
1143 459 1297 501 gradibus,

65 502 156 535 eaque
176 496 212 526 ad
233 498 403 527 Socororam
425 497 510 538 usque
530 508 599 540 pene
621 497 718 527 eadem
739 509 834 529 mmet
858 512 865 532 ε
889 500 933 530 sed
959 502 1052 532 Goam
1078 502 1164 544 usque
1189 503 1297 546 semper

64 538 226 573 minuitur,
253 550 284 568 ea
306 539 422 580 quidem
446 543 564 570 ratione.
589 541 667 571 Cum
683 552 747 572 acus
765 540 820 572 fixa
835 554 891 573 erat
911 546 939 572 in
956 544 1161 575 promontorio
1175 556 1295 581 acuum.

66 578 130 609 tum
150 581 223 611 Goa·
243 581 403 613 declinabat
431 595 463 622 ¹7
485 583 565 624 grad.
587 582 637 613 ubi
660 582 720 613 illic
747 589 837 627 coepit
856 585 891 615 ad
914 588 1034 618 Boream
1062 599 1177 630 vergere
1198 611 1208 624 ‚
1234 589 1296 620 tum

64 622 139 652 Goae
160 624 318 656 decrescere
336 628 466 668 incoepit.
490 626 619 667 Qando
634 629 661 656 in
679 629 770 667 capite
788 639 889 658 acuum
903 627 957 659 fuit
979 641 999 666 4
1013 631 1094 673 grad.
1116 634 1144 661 in
1163 633 1234 663 Goae
1249 632 1297 664 lit·

65 673 128 695 tore
149 676 258 698 tantum
279 680 304 706 ις
327 670 467 710 graduum
486 680 543 699 erat
557 691 565 704 ,
590 672 619 699 &
646 671 682 699 ita
702 670 847 713 deinceps.

108 709 186 739 Cum
208 711 308 742 eadem
329 711 369 742 est
385 723 449 742 acus
465 714 622 754 magnetica
643 734 652 746 ,
676 724 728 742 nec
750 716 822 743 vites
848 713 908 744 suas
933 715 1080 758 perdidit,
1107 728 1200 747 annua
1224 718 1299 749 illius

63 754 185 783 variatio
205 754 242 784 est
263 752 322 784 fere
346 765 380 785 ιο
404 759 578 787 minutorum
594 777 602 788 ,
626 766 677 785 nec
696 755 776 786 suum
795 756 917 789 absolvit
938 759 1077 790 circulum
1094 781 1103 794 ,
1124 759 1171 790 sed
1193 760 1241 790 ubi
1264 762 1298 794 ad

61 804 174 826 certum
189 800 317 840 pervenit
331 797 453 840 gradum
472 797 567 828 versus
579 799 733 828 Orientem
745 821 754 834 ,
770 810 829 829 tum
845 801 919 831 redit
933 802 967 831 ad
983 804 1223 845 §iprentrionenh

109 839 172 868 IX.
210 840 295 870 Circa
315 840 404 871 stellas
426 840 555 871 australes
571 842 682 871 Auctor
703 841 792 873 multa
809 844 1008 874 animadvertit
1025 870 1035 884 ‚
1058 844 1130 875 illud
1156 849 1299 887 impr'nr's

63 882 219 925 Canopum
235 882 308 914 nulli
330 882 411 915 alteri
430 883 529 915 cedere
545 882 596 914 nisi
613 887 676 914 cani
697 896 817 926 majori,
834 889 876 916 cui
894 884 993 917 similis
1014 889 1052 919 est
1071 888 1168 919 colore
1181 891 1211 919 &
1226 889 1299 920 scin-

64 923 216 958 tillatione.

106 969 149 999 X.
186 969 277 1012 Qod
299 968 333 1000 ad
354 968 629 1011 ultimtmech'pfim
652 970 755 1010 speetat
770 992 780 1004 ,
804 981 864 1001 eam
888 971 1089 1015 incoepiffe'ait
1115 975 1185 1004 hora
1210 986 1235 1005 2.
1264 987 1293 1014 13

61 1013 131 1041 min.
150 1019 211 1054 post
232 1016 355 1042 inediim
378 1017 492 1041 noctem
514 1034 523 1046 ,
549 1016 578 1042 &
593 1010 699 1042 desiisse
715 1013 784 1043 hora
807 1026 831 1054 ς.
855 1025 887 1051 ¹4
908 1018 978 1045 min.
1004 1015 1074 1046 adeo
1089 1028 1119 1047 ut
1139 1028 1198 1047 tota
1212 1018 1296 1048 dura-

62 1056 105 1084 tio
123 1055 142 1083 fi
156 1065 208 1085 erit
231 1055 293 1085 hor.
318 1069 339 1095 3,
374 1066 384 1084 1
415 1057 487 1084 min.
512 1056 577 1096 Qa
596 1056 632 1086 de
652 1066 681 1085 re
699 1066 764 1086 cum
785 1067 844 1087 uno
869 1057 921 1088 suae
945 1058 1084 1090 societatis
1099 1060 1181 1089 Patre
1202 1071 1293 1102 eoque

63 1098 144 1127 Mar}
153 1100 273 1128 ematico
292 1097 366 1129 Italo
387 1097 546 1129 collocutus
560 1124 567 1133 ,
589 1101 617 1128 in
636 1110 666 1128 ea
689 1098 824 1129 sententia
844 1099 896 1131 fuit
916 1100 1102 1132 confirmatus
1118 1127 1127 1141 ,
1153 1101 1294 1144 insignem

60 1143 89 1170 in
104 1143 215 1183 *nappis
234 1152 360 1171 errorem
379 1144 406 1171 in
423 1140 622 1171 constituendo
636 1140 752 1173 urbium
770 1141 820 1172 situ
841 1146 974 1175 inveniri.
998 1144 1133 1186 Negabat
1150 1157 1212 1175 eam
1227 1148 1295 1177 Me-

62 1183 238 1214 ridianorum
266 1183 457 1214 differentiam
486 1185 613 1214 Romam
640 1188 716 1215 inter
738 1188 767 1215 ὃ(
797 1187 892 1216 Goarn
915 1191 1058 1227 majorem
1084 1187 1137 1217 effe
1162 1194 1192 1226 63
1213 1189 1292 1231 grad.

59 1226 148 1269 idque
169 1225 196 1257 se
210 1226 378 1269 comperisse
391 1225 482 1258 aiebat
504 1238 537 1257 ex
551 1226 798 1259 observationibus
816 1228 959 1272 eclipseon
972 1241 1041 1274 quas
1059 1241 1092 1260 ex
1106 1231 1292 1272 Ephemerid.

62 1268 167 1312 Argoli
189 1280 405 1313 computaverat
418 1292 429 1306 ,
448 1268 610 1301 dummodo
633 1269 691 1301 illae
714 1273 886 1314 contigerint
910 1272 1086 1317 temporibus
1112 1285 1161 1317 per
1182 1273 1292 1305 tabulas

60 1313 240 1355 praesctiptis.

485 1475 518 1511 C
543 1476 577 1512 A
601 1477 625 1512 Ρ
645 1475 682 1515 U
709 1476 743 1512 T
810 1478 855 1513 II
875 1479 904 1514 I.

393 1567 442 1597 De
472 1561 660 1598 Mechanicis
684 1563 723 1602 ό-
751 1561 967 1611 lgydrostaticc's,

59 1653 84 1681 1.
109 1653 186 1728 D
200 1655 230 1684 Ie
252 1653 366 1685 decimo
386 1656 487 1686 Martii
504 1667 573 1687 curn
597 1657 638 1688 D.
657 1657 704 1686 De
725 1659 851 1688 Louvois
875 1669 923 1700 per
947 1658 986 1687 D.
1014 1657 1170 1689 Thevenot
1191 1658 1284 1700 postu-

199 1696 276 1728 laffer
290 1697 325 1727 ab
345 1699 500 1728 Academia
515 1710 544 1730 ut
565 1711 629 1730 eum
649 1699 720 1741 Julii
740 1703 869 1731 Frontini
889 1700 994 1731 librum
1016 1700 1127 1732 Gallice
1145 1701 1285 1736 redderet,

59 1739 161 1779 quide
186 1751 264 1781 aqua:
286 1740 419 1771 duitibus
441 1740 602 1773 inscribitur
624 1746 652 1773 ὃς
676 1743 861 1784 perobscurus
881 1743 987 1786 semper
1007 1744 1081 1774 visus
1103 1745 1140 1774 est
1162 1757 1168 1775 ε
1191 1745 1284 1787 plures

60 1790 95 1810 ex
124 1782 276 1813 Academia
293 1783 430 1814 volumen
450 1788 523 1815 inter
545 1786 571 1815 se
591 1788 684 1827 partiti
710 1786 788 1816 brevi
803 1790 940 1829 timporis
962 1787 1050 1829 spatio
1070 1787 1141 1818 illud
1159 1786 1220 1817 sunt
1240 1791 1284 1816 in-

59 1828 213 1866 terpretati.
237 1826 315 1856 Tum
335 1826 413 1858 suum
433 1827 550 1870 quisque
575 1828 702 1859 laborem
720 1832 748 1859 in
767 1830 892 1860 medium
917 1829 1060 1866 contulit,
1094 1833 1123 1861 δι
1149 1831 1282 1859 Domino

58 1867 192 1898 Sedileau
211 1879 307 1899 earum
328 1881 420 1900 rerum
440 1870 596 1902 admodum
616 1875 707 1915 perito
724 1873 864 1914 quidquid
888 1871 942 1904 fuit
961 1872 1138 1904 elaboratum
1157 1898 1164 1907 ,
1187 1883 1216 1902 ur
1234 1883 1282 1901 ex-

59 1908 164 1951 poliret
194 1913 225 1941 &
258 1922 323 1941 cum
349 1913 561 1956 exemplaribus
591 1918 838 1957 interpretationes
871 1915 1015 1947 conferret
1038 1938 1047 1951 ,
1082 1916 1214 1947 traditum
1234 1914 1280 1947 est.

59 1953 150 1993 Qod
173 1953 291 1995 quidem
311 1959 404 1997 operis
427 1968 485 1987 non
512 1958 611 1988 inutile
637 1957 758 1989 fortassis
782 1970 834 1991 nec
854 1960 1003 2001 indignum
1027 1958 1138 2001 publica
1155 1957 1216 1987 luce
1238 1958 1281 1988 fu-

58 2006 156 2026 turum
175 1997 222 2027 est.

99 2040 146 2069 11.
182 2041 292 2071 Interea
315 2040 352 2069 D.
369 2041 494 2073 Permult
518 2042 654 2074 linearem
674 2045 813 2076 machinae
831 2044 1050 2088 descriptionem
1066 2040 1214 2086 proposuit
1228 2053 1284 2085 qua

60 2080 137 2124 plani
157 2082 304 2115 declivitas
331 2083 365 2114 ad
385 2084 574 2128 profluentem
597 2099 696 2131 aquam
721 2088 844 2130 requiliti
861 2087 1045 2130 dignoscitur.
1075 2088 1159 2118 Hanc
1173 2087 1283 2118 machi-
