<?xml version="1.0" encoding="UTF-8"?>
<!DOCTYPE html PUBLIC "-//W3C//DTD XHTML 1.0 Transitional//EN"
    "http://www.w3.org/TR/xhtml1/DTD/xhtml1-transitional.dtd">
<html xmlns="http://www.w3.org/1999/xhtml" xml:lang="en" lang="en">
 <head>
  <title>
</title>
<meta http-equiv="Content-Type" content="text/html;charset=utf-8" />
  <meta name='ocr-system' content='tesseract 3.04.00' />
  <meta name='ocr-capabilities' content='ocr_page ocr_carea ocr_par ocr_line ocrx_word'/>
</head>
<body>
  <div class='ocr_page' id='page_1' title='image "./regiscientiaru98duha_0307.png"; bbox 0 0 1638 2345; ppageno 0'>
   <div class='ocr_carea' id='block_1_1' title="bbox 273 73 1303 116">
    <p class='ocr_par' dir='ltr' id='par_1_1' title="bbox 273 73 1303 116">
     <span class='ocr_line' id='line_1_1' title="bbox 273 73 1303 116; baseline -0.001 -7"><span class='ocrx_word' id='word_1_1' title='bbox 273 75 584 109; x_wconf 77' lang='lat' dir='ltr'>&#39;ACADEMIAE</span> <span class='ocrx_word' id='word_1_2' title='bbox 620 73 905 106; x_wconf 81' lang='lat' dir='ltr'>HISTORIA.</span> <span class='ocrx_word' id='word_1_3' title='bbox 941 74 1116 108; x_wconf 76' lang='lat' dir='ltr'>Ltn.IV.</span> <span class='ocrx_word' id='word_1_4' title='bbox 1248 81 1303 116; x_wconf 77' lang='lat'>285</span> 
     </span>
    </p>
   </div>
   <div class='ocr_carea' id='block_1_2' title="bbox 42 115 1415 814">
    <p class='ocr_par' dir='ltr' id='par_1_2' title="bbox 109 115 1415 163">
     <span class='ocr_line' id='line_1_2' title="bbox 109 115 1415 163; baseline -0.009 -9"><span class='ocrx_word' id='word_1_5' title='bbox 109 121 153 156; x_wconf 85' lang='lat' dir='ltr'>D.</span> <span class='ocrx_word' id='word_1_6' title='bbox 177 122 230 154; x_wconf 85' lang='lat' dir='ltr'>Du</span> <span class='ocrx_word' id='word_1_7' title='bbox 246 124 364 163; x_wconf 84' lang='lat' dir='ltr'>Verney</span> <span class='ocrx_word' id='word_1_8' title='bbox 385 121 490 152; x_wconf 62' lang='lat' dir='ltr'>duetus</span> <span class='ocrx_word' id='word_1_9' title='bbox 519 119 640 151; x_wconf 71' lang='lat' dir='ltr'>salivalis</span> <span class='ocrx_word' id='word_1_10' title='bbox 668 119 853 149; x_wconf 80' lang='lat' dir='ltr'>insertionem</span> <span class='ocrx_word' id='word_1_11' title='bbox 877 121 907 149; x_wconf 89' lang='lat' dir='ltr'>in</span> <span class='ocrx_word' id='word_1_12' title='bbox 926 121 1030 160; x_wconf 82' lang='lat' dir='ltr'>viperae</span> <span class='ocrx_word' id='word_1_13' title='bbox 1055 119 1171 150; x_wconf 84' lang='lat' dir='ltr'>dentem</span> <span class='ocrx_word' id='word_1_14' title='bbox 1188 141 1198 157; x_wconf 88' lang='lat'><em>,</em></span> <span class='ocrx_word' id='word_1_15' title='bbox 1223 121 1302 153; x_wconf 67' lang='lat' dir='ltr'>oculi</span> <span class='ocrx_word' id='word_1_16' title='bbox 1333 115 1415 144; x_wconf 55' lang='lat' dir='ltr'>Ana&lt;</span> 
     </span>
    </p>

    <p class='ocr_par' dir='ltr' id='par_1_3' title="bbox 42 159 1411 628">
     <span class='ocr_line' id='line_1_3' title="bbox 71 159 1411 209; baseline 0 -13"><span class='ocrx_word' id='word_1_17' title='bbox 71 176 186 209; x_wconf 89' lang='lat' dir='ltr'>quoque</span> <span class='ocrx_word' id='word_1_18' title='bbox 202 165 367 196; x_wconf 62' lang='lat' dir='ltr'>strudtuxam</span> <span class='ocrx_word' id='word_1_19' title='bbox 386 176 482 196; x_wconf 78' lang='lat' dir='ltr'>coram</span> <span class='ocrx_word' id='word_1_20' title='bbox 505 163 644 194; x_wconf 85' lang='lat' dir='ltr'>exhibuit.</span> <span class='ocrx_word' id='word_1_21' title='bbox 669 163 747 192; x_wconf 87' lang='lat' dir='ltr'>Tum</span> <span class='ocrx_word' id='word_1_22' title='bbox 764 164 840 193; x_wconf 84' lang='lat' dir='ltr'>varia</span> <span class='ocrx_word' id='word_1_23' title='bbox 856 160 931 192; x_wconf 66' lang='lat' dir='ltr'>fasta</span> <span class='ocrx_word' id='word_1_24' title='bbox 953 161 1017 192; x_wconf 87' lang='lat' dir='ltr'>sunt</span> <span class='ocrx_word' id='word_1_25' title='bbox 1037 165 1230 205; x_wconf 81' lang='lat' dir='ltr'>experimenta</span> <span class='ocrx_word' id='word_1_26' title='bbox 1245 169 1301 197; x_wconf 87' lang='lat' dir='ltr'>cit·</span> <span class='ocrx_word' id='word_1_27' title='bbox 1317 159 1411 187; x_wconf 58' lang='lat' dir='ltr'>”mica</span> 
     </span>
     <span class='ocr_line' id='line_1_4' title="bbox 73 204 1302 252; baseline -0.002 -12"><span class='ocrx_word' id='word_1_28' title='bbox 73 220 106 239; x_wconf 78' lang='lat' dir='ltr'>ca</span> <span class='ocrx_word' id='word_1_29' title='bbox 128 213 288 252; x_wconf 80' lang='lat' dir='ltr'>viperarum</span> <span class='ocrx_word' id='word_1_30' title='bbox 310 207 439 245; x_wconf 86' lang='lat' dir='ltr'>morsus,</span> <span class='ocrx_word' id='word_1_31' title='bbox 462 207 482 239; x_wconf 80' lang='lat' dir='ltr'><strong>fi</strong></span> <span class='ocrx_word' id='word_1_32' title='bbox 497 205 573 237; x_wconf 71' lang='lat' dir='ltr'>forte</span> <span class='ocrx_word' id='word_1_33' title='bbox 592 217 626 236; x_wconf 85' lang='lat' dir='ltr'>ex</span> <span class='ocrx_word' id='word_1_34' title='bbox 645 207 679 236; x_wconf 84' lang='lat' dir='ltr'>iis</span> <span class='ocrx_word' id='word_1_35' title='bbox 693 205 800 248; x_wconf 82' lang='lat' dir='ltr'>liquere</span> <span class='ocrx_word' id='word_1_36' title='bbox 825 204 916 248; x_wconf 78' lang='lat' dir='ltr'>posset</span> <span class='ocrx_word' id='word_1_37' title='bbox 939 207 967 234; x_wconf 89' lang='lat' dir='ltr'>in</span> <span class='ocrx_word' id='word_1_38' title='bbox 982 215 1041 246; x_wconf 90' lang='lat' dir='ltr'>quo</span> <span class='ocrx_word' id='word_1_39' title='bbox 1056 204 1178 248; x_wconf 80' lang='lat' dir='ltr'>positum</span> <span class='ocrx_word' id='word_1_40' title='bbox 1197 206 1229 238; x_wconf 82' lang='lat' dir='ltr'>fir</span> <span class='ocrx_word' id='word_1_41' title='bbox 1242 213 1302 250; x_wconf 73' lang='lat' dir='ltr'>ejus</span> 
     </span>
     <span class='ocr_line' id='line_1_5' title="bbox 73 246 1302 295; baseline -0.006 -11"><span class='ocrx_word' id='word_1_42' title='bbox 73 262 226 284; x_wconf 69' lang='lat' dir='ltr'>venenum.</span> <span class='ocrx_word' id='word_1_43' title='bbox 257 265 283 284; x_wconf 84' lang='lat'>1.</span> <span class='ocrx_word' id='word_1_44' title='bbox 306 255 378 285; x_wconf 81' lang='lat' dir='ltr'>Duae</span> <span class='ocrx_word' id='word_1_45' title='bbox 402 255 505 295; x_wconf 83' lang='lat' dir='ltr'>vipetae</span> <span class='ocrx_word' id='word_1_46' title='bbox 520 249 556 281; x_wconf 82' lang='lat' dir='ltr'>ab</span> <span class='ocrx_word' id='word_1_47' title='bbox 577 248 639 280; x_wconf 83' lang='lat' dir='ltr'>aliis</span> <span class='ocrx_word' id='word_1_48' title='bbox 659 251 774 280; x_wconf 85' lang='lat' dir='ltr'>irritatis</span> <span class='ocrx_word' id='word_1_49' title='bbox 797 249 858 279; x_wconf 87' lang='lat' dir='ltr'>sunt</span> <span class='ocrx_word' id='word_1_50' title='bbox 873 246 1048 280; x_wconf 69' lang='lat' dir='ltr'>vulneratae:</span> <span class='ocrx_word' id='word_1_51' title='bbox 1065 249 1121 280; x_wconf 85' lang='lat' dir='ltr'>Sed</span> <span class='ocrx_word' id='word_1_52' title='bbox 1143 250 1185 282; x_wconf 78' lang='lat' dir='ltr'>hae</span> <span class='ocrx_word' id='word_1_53' title='bbox 1204 253 1302 294; x_wconf 55' lang='lat' dir='ltr'>postri-</span> 
     </span>
     <span class='ocr_line' id='line_1_6' title="bbox 72 291 1302 336; baseline -0.005 -9"><span class='ocrx_word' id='word_1_54' title='bbox 72 294 122 327; x_wconf 86' lang='lat' dir='ltr'>die</span> <span class='ocrx_word' id='word_1_55' title='bbox 142 295 217 327; x_wconf 69' lang='lat' dir='ltr'>belle</span> <span class='ocrx_word' id='word_1_56' title='bbox 241 296 267 326; x_wconf 87' lang='lat' dir='ltr'>se</span> <span class='ocrx_word' id='word_1_57' title='bbox 285 296 454 327; x_wconf 81' lang='lat' dir='ltr'>habuerunt.</span> <span class='ocrx_word' id='word_1_58' title='bbox 470 296 554 325; x_wconf 79' lang='lat' dir='ltr'>Rana</span> <span class='ocrx_word' id='word_1_59' title='bbox 570 296 673 336; x_wconf 80' lang='lat' dir='ltr'>viperae</span> <span class='ocrx_word' id='word_1_60' title='bbox 683 291 779 324; x_wconf 89' lang='lat' dir='ltr'>morsu</span> <span class='ocrx_word' id='word_1_61' title='bbox 790 291 938 323; x_wconf 82' lang='lat' dir='ltr'>vulnerata</span> <span class='ocrx_word' id='word_1_62' title='bbox 952 293 1037 322; x_wconf 65' lang='lat' dir='ltr'>noste</span> <span class='ocrx_word' id='word_1_63' title='bbox 1047 291 1204 335; x_wconf 85' lang='lat' dir='ltr'>insequenti</span> <span class='ocrx_word' id='word_1_64' title='bbox 1224 306 1302 326; x_wconf 70' lang='lat' dir='ltr'>mor-</span> 
     </span>
     <span class='ocr_line' id='line_1_7' title="bbox 74 336 1304 382; baseline -0.002 -12"><span class='ocrx_word' id='word_1_65' title='bbox 74 349 122 370; x_wconf 84' lang='lat' dir='ltr'>tua</span> <span class='ocrx_word' id='word_1_66' title='bbox 147 340 194 370; x_wconf 85' lang='lat' dir='ltr'>est·</span> <span class='ocrx_word' id='word_1_67' title='bbox 216 338 288 370; x_wconf 84' lang='lat' dir='ltr'>Felis</span> <span class='ocrx_word' id='word_1_68' title='bbox 314 340 376 382; x_wconf 84' lang='lat' dir='ltr'>post</span> <span class='ocrx_word' id='word_1_69' title='bbox 390 338 511 369; x_wconf 85' lang='lat' dir='ltr'>biduum</span> <span class='ocrx_word' id='word_1_70' title='bbox 531 338 674 368; x_wconf 62' lang='lat' dir='ltr'>extinctus</span> <span class='ocrx_word' id='word_1_71' title='bbox 692 359 702 371; x_wconf 88' lang='lat'><em>‚</em></span> <span class='ocrx_word' id='word_1_72' title='bbox 727 347 786 366; x_wconf 93' lang='lat' dir='ltr'>non</span> <span class='ocrx_word' id='word_1_73' title='bbox 806 338 876 366; x_wconf 88' lang='lat' dir='ltr'>item</span> <span class='ocrx_word' id='word_1_74' title='bbox 901 336 978 366; x_wconf 79' lang='lat' dir='ltr'>canis</span> <span class='ocrx_word' id='word_1_75' title='bbox 1002 338 1032 366; x_wconf 90' lang='lat' dir='ltr'>in</span> <span class='ocrx_word' id='word_1_76' title='bbox 1053 347 1152 366; x_wconf 85' lang='lat' dir='ltr'>ventre</span> <span class='ocrx_word' id='word_1_77' title='bbox 1169 336 1184 366; x_wconf 75' lang='grc' dir='ltr'>ὲ</span> <span class='ocrx_word' id='word_1_78' title='bbox 1208 340 1304 382; x_wconf 71' lang='lat' dir='ltr'>vipera</span> 
     </span>
     <span class='ocr_line' id='line_1_8' title="bbox 74 378 1303 423; baseline -0.003 -10"><span class='ocrx_word' id='word_1_79' title='bbox 74 381 175 417; x_wconf 72' lang='lat' dir='ltr'>laesus3</span> <span class='ocrx_word' id='word_1_80' title='bbox 203 381 250 412; x_wconf 74' lang='lat' dir='ltr'>sed</span> <span class='ocrx_word' id='word_1_81' title='bbox 271 386 347 412; x_wconf 82' lang='lat' dir='ltr'>canis</span> <span class='ocrx_word' id='word_1_82' title='bbox 370 381 440 412; x_wconf 82' lang='lat' dir='ltr'>alter</span> <span class='ocrx_word' id='word_1_83' title='bbox 455 385 553 422; x_wconf 57' lang='lat' dir='ltr'>,cujus</span> <span class='ocrx_word' id='word_1_84' title='bbox 582 378 684 423; x_wconf 82' lang='lat' dir='ltr'>linguae</span> <span class='ocrx_word' id='word_1_85' title='bbox 713 382 809 422; x_wconf 77' lang='lat' dir='ltr'>vipera</span> <span class='ocrx_word' id='word_1_86' title='bbox 832 379 930 409; x_wconf 84' lang='lat' dir='ltr'>dentes</span> <span class='ocrx_word' id='word_1_87' title='bbox 950 378 1148 421; x_wconf 79' lang='lat' dir='ltr'>impresserat,</span> <span class='ocrx_word' id='word_1_88' title='bbox 1172 381 1303 422; x_wconf 63' lang='lat' dir='ltr'>postridie</span> 
     </span>
     <span class='ocr_line' id='line_1_9' title="bbox 74 420 1305 466; baseline -0.002 -9"><span class='ocrx_word' id='word_1_89' title='bbox 74 435 206 457; x_wconf 84' lang='lat' dir='ltr'>mortuus</span> <span class='ocrx_word' id='word_1_90' title='bbox 223 426 269 456; x_wconf 88' lang='lat' dir='ltr'>est.</span> <span class='ocrx_word' id='word_1_91' title='bbox 301 427 406 456; x_wconf 86' lang='lat' dir='ltr'>Succus</span> <span class='ocrx_word' id='word_1_92' title='bbox 425 423 514 454; x_wconf 71' lang='lat' dir='ltr'>flavus</span> <span class='ocrx_word' id='word_1_93' title='bbox 539 424 650 454; x_wconf 83' lang='lat' dir='ltr'>vulneri</span> <span class='ocrx_word' id='word_1_94' title='bbox 666 425 744 453; x_wconf 79' lang='lat' dir='ltr'>canis</span> <span class='ocrx_word' id='word_1_95' title='bbox 766 425 795 452; x_wconf 88' lang='lat' dir='ltr'>in</span> <span class='ocrx_word' id='word_1_96' title='bbox 816 422 925 452; x_wconf 87' lang='lat' dir='ltr'>femore</span> <span class='ocrx_word' id='word_1_97' title='bbox 939 420 1054 452; x_wconf 63' lang='lat' dir='ltr'>inflicto</span> <span class='ocrx_word' id='word_1_98' title='bbox 1075 422 1177 453; x_wconf 79' lang='lat' dir='ltr'>affusus</span> <span class='ocrx_word' id='word_1_99' title='bbox 1190 425 1250 466; x_wconf 84' lang='lat' dir='ltr'>post</span> <span class='ocrx_word' id='word_1_100' title='bbox 1264 425 1305 454; x_wconf 78' lang='lat' dir='ltr'>se-</span> 
     </span>
     <span class='ocr_line' id='line_1_10' title="bbox 42 463 1306 508; baseline -0.001 -9"><span class='ocrx_word' id='word_1_101' title='bbox 42 472 45 473; x_wconf 66' lang='grc'>’</span> <span class='ocrx_word' id='word_1_102' title='bbox 74 468 234 499; x_wconf 80' lang='lat' dir='ltr'>mi-horam</span> <span class='ocrx_word' id='word_1_103' title='bbox 256 479 320 498; x_wconf 89' lang='lat' dir='ltr'>cum</span> <span class='ocrx_word' id='word_1_104' title='bbox 348 471 467 499; x_wconf 64' lang='lat' dir='ltr'>necavit.</span> <span class='ocrx_word' id='word_1_105' title='bbox 487 468 601 499; x_wconf 80' lang='lat' dir='ltr'>Vulnus</span> <span class='ocrx_word' id='word_1_106' title='bbox 626 478 644 502; x_wconf 90' lang='lat'>4</span> <span class='ocrx_word' id='word_1_107' title='bbox 672 477 719 496; x_wconf 78' lang='lat' dir='ltr'>aur</span> <span class='ocrx_word' id='word_1_108' title='bbox 747 477 758 505; x_wconf 86' lang='lat'>5</span> <span class='ocrx_word' id='word_1_109' title='bbox 781 465 863 496; x_wconf 86' lang='lat' dir='ltr'>lineis</span> <span class='ocrx_word' id='word_1_110' title='bbox 882 463 1018 508; x_wconf 76' lang='lat' dir='ltr'>parebat,</span> <span class='ocrx_word' id='word_1_111' title='bbox 1040 465 1126 507; x_wconf 88' lang='lat' dir='ltr'>idque</span> <span class='ocrx_word' id='word_1_112' title='bbox 1148 465 1306 498; x_wconf 82' lang='lat' dir='ltr'>admodum</span> 
     </span>
     <span class='ocr_line' id='line_1_11' title="bbox 75 508 1307 554; baseline -0.001 -12"><span class='ocrx_word' id='word_1_113' title='bbox 75 510 198 542; x_wconf 87' lang='lat' dir='ltr'>lividum</span> <span class='ocrx_word' id='word_1_114' title='bbox 217 514 344 554; x_wconf 69' lang='lat' dir='ltr'>appatuit</span> <span class='ocrx_word' id='word_1_115' title='bbox 358 533 367 547; x_wconf 90' lang='lat'>,</span> <span class='ocrx_word' id='word_1_116' title='bbox 386 522 418 541; x_wconf 81' lang='lat' dir='ltr'>ac</span> <span class='ocrx_word' id='word_1_117' title='bbox 439 510 513 542; x_wconf 85' lang='lat' dir='ltr'>livor</span> <span class='ocrx_word' id='word_1_118' title='bbox 531 510 581 541; x_wconf 89' lang='lat' dir='ltr'>ille</span> <span class='ocrx_word' id='word_1_119' title='bbox 607 513 636 540; x_wconf 90' lang='lat' dir='ltr'>in</span> <span class='ocrx_word' id='word_1_120' title='bbox 661 520 757 540; x_wconf 86' lang='lat' dir='ltr'>carnes</span> <span class='ocrx_word' id='word_1_121' title='bbox 776 508 812 540; x_wconf 86' lang='lat' dir='ltr'>ad</span> <span class='ocrx_word' id='word_1_122' title='bbox 834 508 906 539; x_wconf 87' lang='lat' dir='ltr'>duos</span> <span class='ocrx_word' id='word_1_123' title='bbox 923 508 1010 550; x_wconf 86' lang='lat' dir='ltr'>usque</span> <span class='ocrx_word' id='word_1_124' title='bbox 1022 508 1141 551; x_wconf 77' lang='lat' dir='ltr'>pollices</span> <span class='ocrx_word' id='word_1_125' title='bbox 1161 513 1307 552; x_wconf 65' lang='lat' dir='ltr'>porrectm</span> 
     </span>
     <span class='ocr_line' id='line_1_12' title="bbox 74 549 1307 598; baseline 0 -13"><span class='ocrx_word' id='word_1_126' title='bbox 74 554 235 585; x_wconf 68' lang='lat' dir='ltr'>videbatur.</span> <span class='ocrx_word' id='word_1_127' title='bbox 259 557 378 598; x_wconf 72' lang='lat' dir='ltr'>Sanguis</span> <span class='ocrx_word' id='word_1_128' title='bbox 402 558 432 584; x_wconf 87' lang='lat' dir='ltr'>in</span> <span class='ocrx_word' id='word_1_129' title='bbox 452 554 539 586; x_wconf 86' lang='lat' dir='ltr'>corde</span> <span class='ocrx_word' id='word_1_130' title='bbox 562 556 593 584; x_wconf 69' lang='grc' dir='ltr'>ὅ(</span> <span class='ocrx_word' id='word_1_131' title='bbox 608 556 640 584; x_wconf 88' lang='lat' dir='ltr'>in</span> <span class='ocrx_word' id='word_1_132' title='bbox 663 551 732 585; x_wconf 77' lang='lat' dir='ltr'>vasis</span> <span class='ocrx_word' id='word_1_133' title='bbox 751 565 785 583; x_wconf 85' lang='lat' dir='ltr'>ex</span> <span class='ocrx_word' id='word_1_134' title='bbox 807 564 886 595; x_wconf 80' lang='lat' dir='ltr'>parte</span> <span class='ocrx_word' id='word_1_135' title='bbox 908 549 1012 582; x_wconf 80' lang='lat' dir='ltr'>fluidus</span> <span class='ocrx_word' id='word_1_136' title='bbox 1037 563 1112 588; x_wconf 85' lang='lat' dir='ltr'>etat,</span> <span class='ocrx_word' id='word_1_137' title='bbox 1137 555 1167 583; x_wconf 71' lang='grc' dir='ltr'>ὅ(</span> <span class='ocrx_word' id='word_1_138' title='bbox 1192 564 1226 584; x_wconf 82' lang='lat' dir='ltr'>ex</span> <span class='ocrx_word' id='word_1_139' title='bbox 1242 566 1307 597; x_wconf 78' lang='lat' dir='ltr'>par-</span> 
     </span>
     <span class='ocr_line' id='line_1_13' title="bbox 76 608 279 628; baseline 0 0"><span class='ocrx_word' id='word_1_140' title='bbox 76 608 102 628; x_wconf 91' lang='lat' dir='ltr'>te</span> <span class='ocrx_word' id='word_1_141' title='bbox 121 608 279 628; x_wconf 56' lang='lat' dir='ltr'>concretum</span> 
     </span>
    </p>

    <p class='ocr_par' dir='ltr' id='par_1_4' title="bbox 76 637 1311 814">
     <span class='ocr_line' id='line_1_14' title="bbox 108 637 1308 683; baseline -0.001 -11"><span class='ocrx_word' id='word_1_142' title='bbox 108 644 136 672; x_wconf 87' lang='lat' dir='ltr'><strong>V</strong></span> <span class='ocrx_word' id='word_1_143' title='bbox 152 645 159 670; x_wconf 87' lang='grc' dir='ltr'>Ι</span> <span class='ocrx_word' id='word_1_144' title='bbox 174 642 198 672; x_wconf 92' lang='grc' dir='ltr'>Ι.</span> <span class='ocrx_word' id='word_1_145' title='bbox 223 641 281 671; x_wconf 92' lang='lat' dir='ltr'>Die</span> <span class='ocrx_word' id='word_1_146' title='bbox 306 653 317 679; x_wconf 84' lang='lat'>3</span> <span class='ocrx_word' id='word_1_147' title='bbox 349 638 526 683; x_wconf 78' lang='lat' dir='ltr'>Septembris</span> <span class='ocrx_word' id='word_1_148' title='bbox 557 639 636 670; x_wconf 85' lang='lat' dir='ltr'>idern</span> <span class='ocrx_word' id='word_1_149' title='bbox 659 640 889 681; x_wconf 84' lang='lat' dir='ltr'>experimentum</span> <span class='ocrx_word' id='word_1_150' title='bbox 910 641 1042 669; x_wconf 80' lang='lat' dir='ltr'>iteratum</span> <span class='ocrx_word' id='word_1_151' title='bbox 1063 637 1117 669; x_wconf 82' lang='lat' dir='ltr'>fuit</span> <span class='ocrx_word' id='word_1_152' title='bbox 1141 641 1170 668; x_wconf 85' lang='lat' dir='ltr'>in</span> <span class='ocrx_word' id='word_1_153' title='bbox 1195 638 1308 671; x_wconf 84' lang='lat' dir='ltr'>duobus</span> 
     </span>
     <span class='ocr_line' id='line_1_15' title="bbox 76 681 1309 724; baseline -0.001 -10"><span class='ocrx_word' id='word_1_154' title='bbox 76 683 195 714; x_wconf 80' lang='lat' dir='ltr'>canibus</span> <span class='ocrx_word' id='word_1_155' title='bbox 210 705 220 719; x_wconf 93' lang='lat'>‚</span> <span class='ocrx_word' id='word_1_156' title='bbox 238 686 266 714; x_wconf 92' lang='lat' dir='ltr'>in</span> <span class='ocrx_word' id='word_1_157' title='bbox 288 684 343 714; x_wconf 78' lang='lat' dir='ltr'>fele</span> <span class='ocrx_word' id='word_1_158' title='bbox 366 687 396 715; x_wconf 86' lang='lat'>&amp;</span> <span class='ocrx_word' id='word_1_159' title='bbox 413 683 521 714; x_wconf 80' lang='lat' dir='ltr'>duabus</span> <span class='ocrx_word' id='word_1_160' title='bbox 534 682 686 714; x_wconf 74' lang='lat' dir='ltr'>columbis.</span> <span class='ocrx_word' id='word_1_161' title='bbox 703 684 758 713; x_wconf 82' lang='lat' dir='ltr'>Hae</span> <span class='ocrx_word' id='word_1_162' title='bbox 774 681 893 724; x_wconf 87' lang='lat' dir='ltr'>quidem</span> <span class='ocrx_word' id='word_1_163' title='bbox 910 681 1014 713; x_wconf 89' lang='lat' dir='ltr'>eodem</span> <span class='ocrx_word' id='word_1_164' title='bbox 1036 681 1083 712; x_wconf 90' lang='lat' dir='ltr'>die</span> <span class='ocrx_word' id='word_1_165' title='bbox 1100 692 1220 713; x_wconf 84' lang='lat' dir='ltr'>mortuae</span> <span class='ocrx_word' id='word_1_166' title='bbox 1235 682 1309 719; x_wconf 58' lang='lat' dir='ltr'>sune,</span> 
     </span>
     <span class='ocr_line' id='line_1_16' title="bbox 77 722 1311 770; baseline 0 -13"><span class='ocrx_word' id='word_1_167' title='bbox 77 726 212 770; x_wconf 88' lang='lat' dir='ltr'>postridie</span> <span class='ocrx_word' id='word_1_168' title='bbox 232 739 303 759; x_wconf 87' lang='lat' dir='ltr'>unus</span> <span class='ocrx_word' id='word_1_169' title='bbox 324 728 339 758; x_wconf 82' lang='grc' dir='ltr'>ὲ</span> <span class='ocrx_word' id='word_1_170' title='bbox 357 726 473 758; x_wconf 84' lang='lat' dir='ltr'>canibus</span> <span class='ocrx_word' id='word_1_171' title='bbox 493 727 586 758; x_wconf 80' lang='lat' dir='ltr'>adhuc</span> <span class='ocrx_word' id='word_1_172' title='bbox 607 725 729 770; x_wconf 72' lang='lat' dir='ltr'>spirabat</span> <span class='ocrx_word' id='word_1_173' title='bbox 742 747 751 761; x_wconf 92' lang='lat'>,</span> <span class='ocrx_word' id='word_1_174' title='bbox 772 728 821 767; x_wconf 88' lang='lat' dir='ltr'>qui</span> <span class='ocrx_word' id='word_1_175' title='bbox 837 724 942 756; x_wconf 87' lang='lat' dir='ltr'>vulnus</span> <span class='ocrx_word' id='word_1_176' title='bbox 961 724 1059 766; x_wconf 76' lang='lat' dir='ltr'>lingua</span> <span class='ocrx_word' id='word_1_177' title='bbox 1075 722 1221 756; x_wconf 80' lang='lat' dir='ltr'>lambebat</span> <span class='ocrx_word' id='word_1_178' title='bbox 1235 748 1244 762; x_wconf 93' lang='lat'>‚</span> <span class='ocrx_word' id='word_1_179' title='bbox 1267 726 1311 764; x_wconf 45' lang='lat' dir='ltr'>etl-¹</span> 
     </span>
     <span class='ocr_line' id='line_1_17' title="bbox 77 768 871 814; baseline -0.001 -12"><span class='ocrx_word' id='word_1_180' title='bbox 77 781 118 802; x_wconf 83' lang='lat' dir='ltr'>ter</span> <span class='ocrx_word' id='word_1_181' title='bbox 138 780 266 802; x_wconf 82' lang='lat' dir='ltr'>mortuus</span> <span class='ocrx_word' id='word_1_182' title='bbox 283 771 339 802; x_wconf 85' lang='lat' dir='ltr'>est:</span> <span class='ocrx_word' id='word_1_183' title='bbox 356 770 428 801; x_wconf 85' lang='lat' dir='ltr'>Felis</span> <span class='ocrx_word' id='word_1_184' title='bbox 454 771 564 814; x_wconf 83' lang='lat' dir='ltr'>postero</span> <span class='ocrx_word' id='word_1_185' title='bbox 581 770 628 801; x_wconf 88' lang='lat' dir='ltr'>die</span> <span class='ocrx_word' id='word_1_186' title='bbox 647 771 789 800; x_wconf 75' lang='lat' dir='ltr'>extimstus</span> <span class='ocrx_word' id='word_1_187' title='bbox 806 768 871 801; x_wconf 88' lang='lat' dir='ltr'>fuit.</span> 
     </span>
    </p>
   </div>
   <div class='ocr_carea' id='block_1_3' title="bbox 74 854 1294 868">
    <p class='ocr_par' dir='ltr' id='par_1_5' title="bbox 74 854 1294 868">
     <span class='ocr_line' id='line_1_18' title="bbox 74 854 1294 868; baseline 0 1477"><span class='ocrx_word' id='word_1_188' title='bbox 74 854 1294 868; x_wconf 95' lang='lat' dir='ltr'> </span> 
     </span>
    </p>
   </div>
   <div class='ocr_carea' id='block_1_4' title="bbox 451 903 961 1039">
    <p class='ocr_par' dir='ltr' id='par_1_6' title="bbox 451 903 961 1039">
     <span class='ocr_line' id='line_1_19' title="bbox 513 903 894 942; baseline -0.003 -3"><span class='ocrx_word' id='word_1_189' title='bbox 513 904 549 939; x_wconf 34' lang='lat' dir='ltr'>*C</span> <span class='ocrx_word' id='word_1_190' title='bbox 574 905 607 941; x_wconf 94' lang='lat' dir='ltr'>A</span> <span class='ocrx_word' id='word_1_191' title='bbox 633 904 658 941; x_wconf 91' lang='lat' dir='ltr'>P</span> <span class='ocrx_word' id='word_1_192' title='bbox 680 905 719 942; x_wconf 89' lang='lat' dir='ltr'>U</span> <span class='ocrx_word' id='word_1_193' title='bbox 741 904 775 938; x_wconf 96' lang='lat' dir='ltr'>T</span> <span class='ocrx_word' id='word_1_194' title='bbox 835 903 894 938; x_wconf 92' lang='grc' dir='ltr'>ΙΙ.</span> 
     </span>
     <span class='ocr_line' id='line_1_20' title="bbox 451 986 961 1039; baseline -0.006 -11"><span class='ocrx_word' id='word_1_195' title='bbox 451 999 501 1029; x_wconf 85' lang='lat' dir='ltr'>De</span> <span class='ocrx_word' id='word_1_196' title='bbox 522 989 653 1039; x_wconf 79' lang='lat' dir='ltr'>Physicis</span> <span class='ocrx_word' id='word_1_197' title='bbox 672 986 961 1037; x_wconf 79' lang='lat' dir='ltr'>obſsrvationibus.</span> 
     </span>
    </p>
   </div>
   <div class='ocr_carea' id='block_1_5' title="bbox 79 1074 1318 2150">
    <p class='ocr_par' dir='ltr' id='par_1_7' title="bbox 79 1074 1312 1155">
     <span class='ocr_line' id='line_1_21' title="bbox 79 1074 1312 1155; baseline -0.006 -44"><span class='ocrx_word' id='word_1_198' title='bbox 79 1082 105 1111; x_wconf 94' lang='lat'>1.</span> <span class='ocrx_word' id='word_1_199' title='bbox 135 1080 164 1155; x_wconf 82' lang='lat' dir='ltr'>I</span> <span class='ocrx_word' id='word_1_200' title='bbox 182 1080 300 1112; x_wconf 81' lang='lat' dir='ltr'>Neunte</span> <span class='ocrx_word' id='word_1_201' title='bbox 323 1080 379 1111; x_wconf 89' lang='lat' dir='ltr'>hoc</span> <span class='ocrx_word' id='word_1_202' title='bbox 392 1091 469 1111; x_wconf 81' lang='lat' dir='ltr'>anno</span> <span class='ocrx_word' id='word_1_203' title='bbox 488 1082 529 1112; x_wconf 90' lang='lat' dir='ltr'>D.</span> <span class='ocrx_word' id='word_1_204' title='bbox 555 1077 709 1120; x_wconf 89' lang='lat' dir='ltr'>Homberg</span> <span class='ocrx_word' id='word_1_205' title='bbox 729 1078 805 1108; x_wconf 77' lang='lat' dir='ltr'>varia</span> <span class='ocrx_word' id='word_1_206' title='bbox 817 1079 892 1107; x_wconf 82' lang='lat' dir='ltr'>circa</span> <span class='ocrx_word' id='word_1_207' title='bbox 910 1074 1113 1117; x_wconf 74' lang='lat' dir='ltr'>phosphorum</span> <span class='ocrx_word' id='word_1_208' title='bbox 1132 1075 1312 1117; x_wconf 84' lang='lat' dir='ltr'>experimen-</span> 
     </span>
    </p>

    <p class='ocr_par' dir='ltr' id='par_1_8' title="bbox 80 1117 1313 1297">
     <span class='ocr_line' id='line_1_22' title="bbox 184 1117 1311 1168; baseline -0.008 -13"><span class='ocrx_word' id='word_1_209' title='bbox 184 1134 210 1154; x_wconf 85' lang='lat' dir='ltr'>ta</span> <span class='ocrx_word' id='word_1_210' title='bbox 229 1123 304 1155; x_wconf 86' lang='lat' dir='ltr'>fecit.</span> <span class='ocrx_word' id='word_1_211' title='bbox 319 1123 400 1154; x_wconf 88' lang='lat' dir='ltr'>Illius</span> <span class='ocrx_word' id='word_1_212' title='bbox 420 1124 656 1168; x_wconf 63' lang='lat' dir='ltr'>praeparationem</span> <span class='ocrx_word' id='word_1_213' title='bbox 666 1120 797 1164; x_wconf 82' lang='lat' dir='ltr'>exposuit</span> <span class='ocrx_word' id='word_1_214' title='bbox 810 1142 819 1155; x_wconf 94' lang='lat'>,</span> <span class='ocrx_word' id='word_1_215' title='bbox 831 1130 917 1161; x_wconf 78' lang='lat' dir='ltr'>quam</span> <span class='ocrx_word' id='word_1_216' title='bbox 933 1118 970 1149; x_wconf 81' lang='lat' dir='ltr'>ab</span> <span class='ocrx_word' id='word_1_217' title='bbox 986 1120 1139 1148; x_wconf 84' lang='lat' dir='ltr'>Inventote</span> <span class='ocrx_word' id='word_1_218' title='bbox 1151 1117 1212 1160; x_wconf 85' lang='lat' dir='ltr'>ipso</span> <span class='ocrx_word' id='word_1_219' title='bbox 1227 1120 1311 1148; x_wconf 84' lang='lat' dir='ltr'>Kun-</span> 
     </span>
     <span class='ocr_line' id='line_1_23' title="bbox 81 1160 1313 1212; baseline -0.005 -16"><span class='ocrx_word' id='word_1_220' title='bbox 81 1166 163 1197; x_wconf 75' lang='lat' dir='ltr'>xelio</span> <span class='ocrx_word' id='word_1_221' title='bbox 184 1178 344 1212; x_wconf 68' lang='lat' dir='ltr'>acceperat,</span> <span class='ocrx_word' id='word_1_222' title='bbox 367 1178 486 1210; x_wconf 76' lang='lat' dir='ltr'>quaeque</span> <span class='ocrx_word' id='word_1_223' title='bbox 501 1170 530 1198; x_wconf 88' lang='lat' dir='ltr'>in</span> <span class='ocrx_word' id='word_1_224' title='bbox 555 1167 628 1196; x_wconf 66' lang='lat' dir='ltr'>Aera</span> <span class='ocrx_word' id='word_1_225' title='bbox 644 1164 807 1195; x_wconf 73' lang='lat' dir='ltr'>Academiae</span> <span class='ocrx_word' id='word_1_226' title='bbox 829 1161 931 1193; x_wconf 80' lang='lat' dir='ltr'>mensis</span> <span class='ocrx_word' id='word_1_227' title='bbox 944 1160 1054 1204; x_wconf 82' lang='lat' dir='ltr'>Aprilis</span> <span class='ocrx_word' id='word_1_228' title='bbox 1071 1160 1159 1191; x_wconf 75' lang='lat' dir='ltr'>relata</span> <span class='ocrx_word' id='word_1_229' title='bbox 1172 1160 1209 1191; x_wconf 86' lang='lat' dir='ltr'>est</span> <span class='ocrx_word' id='word_1_230' title='bbox 1224 1163 1255 1191; x_wconf 88' lang='lat'>&amp;</span> <span class='ocrx_word' id='word_1_231' title='bbox 1269 1160 1313 1190; x_wconf 80' lang='lat' dir='ltr'>di-</span> 
     </span>
     <span class='ocr_line' id='line_1_24' title="bbox 80 1203 1313 1254; baseline -0.005 -14"><span class='ocrx_word' id='word_1_232' title='bbox 80 1208 175 1241; x_wconf 73' lang='lat' dir='ltr'>lucide</span> <span class='ocrx_word' id='word_1_233' title='bbox 196 1213 344 1254; x_wconf 79' lang='lat' dir='ltr'>explicata.</span> <span class='ocrx_word' id='word_1_234' title='bbox 368 1211 564 1242; x_wconf 67' lang='lat' dir='ltr'>Pbaemrnem</span> <span class='ocrx_word' id='word_1_235' title='bbox 587 1210 670 1250; x_wconf 88' lang='lat' dir='ltr'>hujus</span> <span class='ocrx_word' id='word_1_236' title='bbox 694 1210 767 1250; x_wconf 88' lang='lat' dir='ltr'>ignis</span> <span class='ocrx_word' id='word_1_237' title='bbox 782 1232 791 1245; x_wconf 87' lang='lat'><em>,</em></span> <span class='ocrx_word' id='word_1_238' title='bbox 819 1208 850 1236; x_wconf 89' lang='lat'>&amp;</span> <span class='ocrx_word' id='word_1_239' title='bbox 869 1204 1022 1248; x_wconf 78' lang='lat' dir='ltr'>singulares</span> <span class='ocrx_word' id='word_1_240' title='bbox 1042 1203 1160 1235; x_wconf 69' lang='lat' dir='ltr'>effeetus</span> <span class='ocrx_word' id='word_1_241' title='bbox 1177 1207 1207 1235; x_wconf 90' lang='lat' dir='ltr'>in</span> <span class='ocrx_word' id='word_1_242' title='bbox 1230 1205 1313 1234; x_wconf 60' lang='lat' dir='ltr'>Actis</span> 
     </span>
     <span class='ocr_line' id='line_1_25' title="bbox 85 1253 818 1297; baseline -0.005 -14"><span class='ocrx_word' id='word_1_243' title='bbox 85 1254 183 1284; x_wconf 83' lang='lat' dir='ltr'>mense</span> <span class='ocrx_word' id='word_1_244' title='bbox 205 1254 294 1296; x_wconf 88' lang='lat' dir='ltr'>Junio</span> <span class='ocrx_word' id='word_1_245' title='bbox 316 1253 467 1297; x_wconf 77' lang='lat' dir='ltr'>publicatis</span> <span class='ocrx_word' id='word_1_246' title='bbox 487 1253 611 1284; x_wconf 87' lang='lat' dir='ltr'>breviter</span> <span class='ocrx_word' id='word_1_247' title='bbox 626 1260 818 1293; x_wconf 80' lang='lat' dir='ltr'>exponuntur.</span> 
     </span>
    </p>

    <p class='ocr_par' dir='ltr' id='par_1_9' title="bbox 80 1289 1314 1500">
     <span class='ocr_line' id='line_1_26' title="bbox 126 1289 1314 1340; baseline -0.006 -13"><span class='ocrx_word' id='word_1_248' title='bbox 126 1299 245 1328; x_wconf 67' lang='lat' dir='ltr'>Summa</span> <span class='ocrx_word' id='word_1_249' title='bbox 261 1298 298 1328; x_wconf 83' lang='lat' dir='ltr'>cst</span> <span class='ocrx_word' id='word_1_250' title='bbox 311 1319 320 1332; x_wconf 87' lang='lat'><em>,</em></span> <span class='ocrx_word' id='word_1_251' title='bbox 337 1298 419 1340; x_wconf 78' lang='lat' dir='ltr'>hujus</span> <span class='ocrx_word' id='word_1_252' title='bbox 435 1299 507 1340; x_wconf 80' lang='lat' dir='ltr'>ignis</span> <span class='ocrx_word' id='word_1_253' title='bbox 519 1295 604 1338; x_wconf 71' lang='lat' dir='ltr'>longe</span> <span class='ocrx_word' id='word_1_254' title='bbox 619 1293 761 1324; x_wconf 72' lang='lat' dir='ltr'>diversam</span> <span class='ocrx_word' id='word_1_255' title='bbox 782 1291 799 1322; x_wconf 69' lang='grc' dir='ltr'>εἴ</span> <span class='ocrx_word' id='word_1_256' title='bbox 818 1290 929 1334; x_wconf 77' lang='lat' dir='ltr'>vulgari</span> <span class='ocrx_word' id='word_1_257' title='bbox 952 1289 1007 1321; x_wconf 83' lang='lat' dir='ltr'>effe</span> <span class='ocrx_word' id='word_1_258' title='bbox 1030 1301 1159 1322; x_wconf 78' lang='lat' dir='ltr'>naturam</span> <span class='ocrx_word' id='word_1_259' title='bbox 1173 1304 1179 1321; x_wconf 83' lang='lat'>:</span> <span class='ocrx_word' id='word_1_260' title='bbox 1202 1301 1268 1320; x_wconf 77' lang='lat' dir='ltr'>nam</span> <span class='ocrx_word' id='word_1_261' title='bbox 1282 1302 1314 1321; x_wconf 59' lang='lat' dir='ltr'>ea</span> 
     </span>
     <span class='ocr_line' id='line_1_27' title="bbox 80 1334 1314 1384; baseline -0.006 -14"><span class='ocrx_word' id='word_1_262' title='bbox 80 1340 240 1378; x_wconf 80' lang='lat' dir='ltr'>consumit,</span> <span class='ocrx_word' id='word_1_263' title='bbox 255 1353 317 1384; x_wconf 83' lang='lat' dir='ltr'>quae</span> <span class='ocrx_word' id='word_1_264' title='bbox 335 1340 388 1370; x_wconf 80' lang='lat' dir='ltr'>alia</span> <span class='ocrx_word' id='word_1_265' title='bbox 403 1351 524 1383; x_wconf 83' lang='lat' dir='ltr'>corpora</span> <span class='ocrx_word' id='word_1_266' title='bbox 549 1337 728 1369; x_wconf 77' lang='lat' dir='ltr'>inflammata</span> <span class='ocrx_word' id='word_1_267' title='bbox 756 1346 815 1365; x_wconf 90' lang='lat' dir='ltr'>non</span> <span class='ocrx_word' id='word_1_268' title='bbox 841 1334 980 1365; x_wconf 68' lang='lat' dir='ltr'>invadunt</span> <span class='ocrx_word' id='word_1_269' title='bbox 1010 1356 1020 1369; x_wconf 93' lang='lat'><em>,</em></span> <span class='ocrx_word' id='word_1_270' title='bbox 1044 1346 1130 1377; x_wconf 84' lang='lat' dir='ltr'>atque</span> <span class='ocrx_word' id='word_1_271' title='bbox 1146 1336 1180 1363; x_wconf 84' lang='lat' dir='ltr'>iis</span> <span class='ocrx_word' id='word_1_272' title='bbox 1202 1336 1314 1376; x_wconf 81' lang='lat' dir='ltr'>parcit,</span> 
     </span>
     <span class='ocr_line' id='line_1_28' title="bbox 83 1375 1314 1425; baseline -0.006 -12"><span class='ocrx_word' id='word_1_273' title='bbox 83 1394 146 1425; x_wconf 85' lang='lat' dir='ltr'>quae</span> <span class='ocrx_word' id='word_1_274' title='bbox 168 1383 203 1414; x_wconf 82' lang='lat' dir='ltr'>ab</span> <span class='ocrx_word' id='word_1_275' title='bbox 224 1384 285 1414; x_wconf 79' lang='lat' dir='ltr'>aliis</span> <span class='ocrx_word' id='word_1_276' title='bbox 306 1383 506 1414; x_wconf 85' lang='lat' dir='ltr'>incenduntur.</span> <span class='ocrx_word' id='word_1_277' title='bbox 535 1384 608 1423; x_wconf 80' lang='lat' dir='ltr'>Qae</span> <span class='ocrx_word' id='word_1_278' title='bbox 629 1380 699 1411; x_wconf 84' lang='lat' dir='ltr'>alios</span> <span class='ocrx_word' id='word_1_279' title='bbox 720 1382 800 1422; x_wconf 80' lang='lat' dir='ltr'>ignes</span> <span class='ocrx_word' id='word_1_280' title='bbox 821 1382 1010 1419; x_wconf 86' lang='lat' dir='ltr'>extinguunt,</span> <span class='ocrx_word' id='word_1_281' title='bbox 1034 1377 1110 1407; x_wconf 88' lang='lat' dir='ltr'>hunc</span> <span class='ocrx_word' id='word_1_282' title='bbox 1126 1375 1289 1407; x_wconf 83' lang='lat' dir='ltr'>accendunt</span> <span class='ocrx_word' id='word_1_283' title='bbox 1304 1398 1314 1411; x_wconf 88' lang='lat'><em>‚</em></span> 
     </span>
     <span class='ocr_line' id='line_1_29' title="bbox 85 1419 1314 1468; baseline -0.007 -10"><span class='ocrx_word' id='word_1_284' title='bbox 85 1430 116 1458; x_wconf 73' lang='grc' dir='ltr'>δε</span> <span class='ocrx_word' id='word_1_285' title='bbox 138 1425 279 1463; x_wconf 74' lang='lat' dir='ltr'>vicissiin3</span> <span class='ocrx_word' id='word_1_286' title='bbox 300 1424 404 1457; x_wconf 83' lang='lat' dir='ltr'>fortius</span> <span class='ocrx_word' id='word_1_287' title='bbox 431 1426 524 1457; x_wconf 84' lang='lat' dir='ltr'>adurit</span> <span class='ocrx_word' id='word_1_288' title='bbox 543 1426 631 1468; x_wconf 52' lang='lat' dir='ltr'>quim</span> <span class='ocrx_word' id='word_1_289' title='bbox 648 1422 719 1467; x_wconf 70' lang='lat' dir='ltr'>ligni</span> <span class='ocrx_word' id='word_1_290' title='bbox 736 1422 867 1458; x_wconf 78' lang='lat' dir='ltr'>flamma,</span> <span class='ocrx_word' id='word_1_291' title='bbox 896 1419 1026 1452; x_wconf 88' lang='lat' dir='ltr'>subtilior</span> <span class='ocrx_word' id='word_1_292' title='bbox 1039 1419 1126 1462; x_wconf 53' lang='lat' dir='ltr'>quam</span> <span class='ocrx_word' id='word_1_293' title='bbox 1148 1420 1261 1462; x_wconf 79' lang='lat' dir='ltr'>spiritus</span> <span class='ocrx_word' id='word_1_294' title='bbox 1274 1422 1314 1450; x_wconf 84' lang='lat' dir='ltr'>vi-</span> 
     </span>
     <span class='ocr_line' id='line_1_30' title="bbox 83 1469 277 1500; baseline 0.005 -1"><span class='ocrx_word' id='word_1_295' title='bbox 83 1472 113 1500; x_wconf 91' lang='lat' dir='ltr'>ni</span> <span class='ocrx_word' id='word_1_296' title='bbox 136 1469 277 1500; x_wconf 82' lang='lat' dir='ltr'>accensus.</span> 
     </span>
    </p>

    <p class='ocr_par' dir='ltr' id='par_1_10' title="bbox 82 1504 1316 1729">
     <span class='ocr_line' id='line_1_31' title="bbox 125 1504 1313 1556; baseline -0.008 -12"><span class='ocrx_word' id='word_1_297' title='bbox 125 1513 203 1544; x_wconf 82' lang='lat' dir='ltr'>Cato</span> <span class='ocrx_word' id='word_1_298' title='bbox 227 1513 398 1556; x_wconf 82' lang='lat' dir='ltr'>Phosphoro</span> <span class='ocrx_word' id='word_1_299' title='bbox 420 1511 567 1544; x_wconf 80' lang='lat' dir='ltr'>combusta</span> <span class='ocrx_word' id='word_1_300' title='bbox 589 1509 713 1542; x_wconf 75' lang='lat' dir='ltr'>flavescit</span> <span class='ocrx_word' id='word_1_301' title='bbox 727 1532 736 1544; x_wconf 95' lang='lat'><strong><em>,</em></strong></span> <span class='ocrx_word' id='word_1_302' title='bbox 765 1512 795 1539; x_wconf 88' lang='lat'>&amp;</span> <span class='ocrx_word' id='word_1_303' title='bbox 816 1518 949 1539; x_wconf 72' lang='lat' dir='ltr'>excavata</span> <span class='ocrx_word' id='word_1_304' title='bbox 974 1504 1127 1536; x_wconf 83' lang='lat' dir='ltr'>indurescit</span> <span class='ocrx_word' id='word_1_305' title='bbox 1147 1505 1234 1536; x_wconf 87' lang='lat' dir='ltr'>instar</span> <span class='ocrx_word' id='word_1_306' title='bbox 1254 1517 1313 1537; x_wconf 86' lang='lat' dir='ltr'>cor-</span> 
     </span>
     <span class='ocr_line' id='line_1_32' title="bbox 83 1547 1316 1595; baseline -0.006 -9"><span class='ocrx_word' id='word_1_307' title='bbox 83 1567 122 1588; x_wconf 84' lang='lat' dir='ltr'>nu</span> <span class='ocrx_word' id='word_1_308' title='bbox 144 1567 177 1586; x_wconf 87' lang='lat' dir='ltr'>cx</span> <span class='ocrx_word' id='word_1_309' title='bbox 197 1557 342 1587; x_wconf 79' lang='lat' dir='ltr'>candentis</span> <span class='ocrx_word' id='word_1_310' title='bbox 362 1556 429 1586; x_wconf 79' lang='lat' dir='ltr'>ferri</span> <span class='ocrx_word' id='word_1_311' title='bbox 448 1557 579 1587; x_wconf 62' lang='lat' dir='ltr'>contaCtu</span> <span class='ocrx_word' id='word_1_312' title='bbox 595 1554 698 1585; x_wconf 78' lang='lat' dir='ltr'>adusti:</span> <span class='ocrx_word' id='word_1_313' title='bbox 716 1552 784 1595; x_wconf 78' lang='lat' dir='ltr'>saepe</span> <span class='ocrx_word' id='word_1_314' title='bbox 800 1550 933 1594; x_wconf 56' lang='lat' dir='ltr'>ampullae</span> <span class='ocrx_word' id='word_1_315' title='bbox 947 1561 1004 1580; x_wconf 91' lang='lat' dir='ltr'>non</span> <span class='ocrx_word' id='word_1_316' title='bbox 1024 1547 1204 1579; x_wconf 86' lang='lat' dir='ltr'>attolluntur.</span> <span class='ocrx_word' id='word_1_317' title='bbox 1225 1548 1316 1589; x_wconf 84' lang='lat' dir='ltr'>Qod</span> 
     </span>
     <span class='ocr_line' id='line_1_33' title="bbox 82 1591 1316 1641; baseline -0.009 -10"><span class='ocrx_word' id='word_1_318' title='bbox 82 1599 104 1631; x_wconf 86' lang='lat' dir='ltr'>fi</span> <span class='ocrx_word' id='word_1_319' title='bbox 128 1598 194 1630; x_wconf 90' lang='lat' dir='ltr'>loco</span> <span class='ocrx_word' id='word_1_320' title='bbox 215 1600 343 1631; x_wconf 83' lang='lat' dir='ltr'>ambusto</span> <span class='ocrx_word' id='word_1_321' title='bbox 374 1610 552 1641; x_wconf 82' lang='lat' dir='ltr'>unguentum</span> <span class='ocrx_word' id='word_1_322' title='bbox 574 1597 742 1629; x_wconf 70' lang='lat' dir='ltr'>adhibeatur</span> <span class='ocrx_word' id='word_1_323' title='bbox 755 1621 764 1634; x_wconf 87' lang='lat'>,</span> <span class='ocrx_word' id='word_1_324' title='bbox 781 1596 870 1626; x_wconf 64' lang='lat' dir='ltr'>crusta</span> <span class='ocrx_word' id='word_1_325' title='bbox 891 1598 963 1625; x_wconf 73' lang='lat' dir='ltr'>intra.</span> <span class='ocrx_word' id='word_1_326' title='bbox 986 1592 1066 1623; x_wconf 86' lang='lat' dir='ltr'>bidui</span> <span class='ocrx_word' id='word_1_327' title='bbox 1092 1592 1210 1636; x_wconf 80' lang='lat' dir='ltr'>spatium</span> <span class='ocrx_word' id='word_1_328' title='bbox 1228 1591 1316 1621; x_wconf 81' lang='lat' dir='ltr'>indu-</span> 
     </span>
     <span class='ocr_line' id='line_1_34' title="bbox 85 1633 1316 1686; baseline -0.011 -12"><span class='ocrx_word' id='word_1_329' title='bbox 85 1647 168 1674; x_wconf 84' lang='lat' dir='ltr'>citur.</span> <span class='ocrx_word' id='word_1_330' title='bbox 184 1645 227 1676; x_wconf 83' lang='lat' dir='ltr'>Ex</span> <span class='ocrx_word' id='word_1_331' title='bbox 240 1645 274 1674; x_wconf 86' lang='lat' dir='ltr'>iis</span> <span class='ocrx_word' id='word_1_332' title='bbox 293 1642 457 1686; x_wconf 86' lang='lat' dir='ltr'>Phosphori</span> <span class='ocrx_word' id='word_1_333' title='bbox 474 1641 621 1673; x_wconf 70' lang='lat' dir='ltr'>flammam</span> <span class='ocrx_word' id='word_1_334' title='bbox 645 1642 719 1684; x_wconf 85' lang='lat' dir='ltr'>ignis</span> <span class='ocrx_word' id='word_1_335' title='bbox 733 1637 856 1680; x_wconf 74' lang='lat' dir='ltr'>vulgaris</span> <span class='ocrx_word' id='word_1_336' title='bbox 874 1636 991 1668; x_wconf 68' lang='lat' dir='ltr'>flamma</span> <span class='ocrx_word' id='word_1_337' title='bbox 1009 1638 1149 1666; x_wconf 80' lang='lat' dir='ltr'>acriorem</span> <span class='ocrx_word' id='word_1_338' title='bbox 1162 1633 1215 1665; x_wconf 81' lang='lat' dir='ltr'>effe</span> <span class='ocrx_word' id='word_1_339' title='bbox 1233 1633 1316 1665; x_wconf 79' lang='lat' dir='ltr'>colli-</span> 
     </span>
     <span class='ocr_line' id='line_1_35' title="bbox 85 1687 229 1729; baseline 0 -12"><span class='ocrx_word' id='word_1_340' title='bbox 85 1690 115 1729; x_wconf 78' lang='lat' dir='ltr'>gi</span> <span class='ocrx_word' id='word_1_341' title='bbox 129 1687 229 1729; x_wconf 85' lang='lat' dir='ltr'>potest.</span> 
     </span>
    </p>

    <p class='ocr_par' dir='ltr' id='par_1_11' title="bbox 88 1721 1318 2140">
     <span class='ocr_line' id='line_1_36' title="bbox 134 1721 1318 1769; baseline -0.006 -10"><span class='ocrx_word' id='word_1_342' title='bbox 134 1732 181 1762; x_wconf 89' lang='lat'>11.</span> <span class='ocrx_word' id='word_1_343' title='bbox 214 1731 308 1768; x_wconf 88' lang='lat' dir='ltr'>Hujus</span> <span class='ocrx_word' id='word_1_344' title='bbox 333 1728 456 1760; x_wconf 74' lang='lat' dir='ltr'>Hammae</span> <span class='ocrx_word' id='word_1_345' title='bbox 473 1739 566 1760; x_wconf 75' lang='lat' dir='ltr'>motus</span> <span class='ocrx_word' id='word_1_346' title='bbox 581 1750 590 1763; x_wconf 88' lang='lat'><em>,</em></span> <span class='ocrx_word' id='word_1_347' title='bbox 613 1728 661 1758; x_wconf 89' lang='lat' dir='ltr'>ubi</span> <span class='ocrx_word' id='word_1_348' title='bbox 687 1725 891 1769; x_wconf 85' lang='lat' dir='ltr'>Phosphorum</span> <span class='ocrx_word' id='word_1_349' title='bbox 915 1723 1054 1757; x_wconf 83' lang='lat' dir='ltr'>absumit,</span> <span class='ocrx_word' id='word_1_350' title='bbox 1070 1721 1142 1752; x_wconf 81' lang='lat' dir='ltr'>adeo</span> <span class='ocrx_word' id='word_1_351' title='bbox 1164 1724 1203 1754; x_wconf 86' lang='lat' dir='ltr'>est</span> <span class='ocrx_word' id='word_1_352' title='bbox 1218 1724 1318 1753; x_wconf 85' lang='lat' dir='ltr'>conci-</span> 
     </span>
     <span class='ocr_line' id='line_1_37' title="bbox 88 1765 1318 1817; baseline -0.007 -14"><span class='ocrx_word' id='word_1_353' title='bbox 88 1783 181 1807; x_wconf 78' lang='lat' dir='ltr'>tatuS,</span> <span class='ocrx_word' id='word_1_354' title='bbox 202 1784 232 1804; x_wconf 88' lang='lat' dir='ltr'>ut</span> <span class='ocrx_word' id='word_1_355' title='bbox 251 1773 370 1817; x_wconf 77' lang='lat' dir='ltr'>persaepe</span> <span class='ocrx_word' id='word_1_356' title='bbox 393 1776 537 1804; x_wconf 82' lang='lat' dir='ltr'>materiam</span> <span class='ocrx_word' id='word_1_357' title='bbox 557 1770 746 1813; x_wconf 84' lang='lat' dir='ltr'>concipiendo</span> <span class='ocrx_word' id='word_1_358' title='bbox 767 1772 827 1811; x_wconf 83' lang='lat' dir='ltr'>igni</span> <span class='ocrx_word' id='word_1_359' title='bbox 853 1767 1010 1798; x_wconf 85' lang='lat' dir='ltr'>admodum</span> <span class='ocrx_word' id='word_1_360' title='bbox 1030 1765 1163 1796; x_wconf 81' lang='lat' dir='ltr'>idoneam</span> <span class='ocrx_word' id='word_1_361' title='bbox 1185 1777 1242 1795; x_wconf 93' lang='lat' dir='ltr'>non</span> <span class='ocrx_word' id='word_1_362' title='bbox 1269 1777 1318 1795; x_wconf 66' lang='lat' dir='ltr'>ac-</span> 
     </span>
     <span class='ocr_line' id='line_1_38' title="bbox 88 1809 1317 1859; baseline -0.008 -13"><span class='ocrx_word' id='word_1_363' title='bbox 88 1816 201 1847; x_wconf 83' lang='lat' dir='ltr'>cendat.</span> <span class='ocrx_word' id='word_1_364' title='bbox 224 1817 269 1847; x_wconf 88' lang='lat' dir='ltr'>Sic</span> <span class='ocrx_word' id='word_1_365' title='bbox 292 1828 412 1859; x_wconf 84' lang='lat' dir='ltr'>granum</span> <span class='ocrx_word' id='word_1_366' title='bbox 435 1816 592 1859; x_wconf 82' lang='lat' dir='ltr'>phosphori</span> <span class='ocrx_word' id='word_1_367' title='bbox 617 1815 714 1845; x_wconf 77' lang='lat' dir='ltr'>charta</span> <span class='ocrx_word' id='word_1_368' title='bbox 738 1810 863 1843; x_wconf 83' lang='lat' dir='ltr'>conclusi</span> <span class='ocrx_word' id='word_1_369' title='bbox 889 1814 1016 1841; x_wconf 87' lang='lat' dir='ltr'>attritum</span> <span class='ocrx_word' id='word_1_370' title='bbox 1039 1809 1199 1839; x_wconf 83' lang='lat' dir='ltr'>incenditur</span> <span class='ocrx_word' id='word_1_371' title='bbox 1222 1810 1317 1838; x_wconf 68' lang='lat' dir='ltr'>charta</span> 
     </span>
     <span class='ocr_line' id='line_1_39' title="bbox 89 1850 1316 1898; baseline -0.015 -2"><span class='ocrx_word' id='word_1_372' title='bbox 89 1859 174 1890; x_wconf 78' lang='lat' dir='ltr'>illaesa</span> <span class='ocrx_word' id='word_1_373' title='bbox 188 1882 198 1895; x_wconf 71' lang='lat'>2</span> <span class='ocrx_word' id='word_1_374' title='bbox 220 1863 264 1890; x_wconf 86' lang='lat' dir='ltr'>cui</span> <span class='ocrx_word' id='word_1_375' title='bbox 284 1860 484 1891; x_wconf 69' lang='lat' dir='ltr'>tantummodo</span> <span class='ocrx_word' id='word_1_376' title='bbox 508 1859 614 1890; x_wconf 83' lang='lat' dir='ltr'>coloris</span> <span class='ocrx_word' id='word_1_377' title='bbox 633 1860 686 1888; x_wconf 83' lang='lat' dir='ltr'>atri</span> <span class='ocrx_word' id='word_1_378' title='bbox 706 1857 855 1898; x_wconf 75' lang='lat' dir='ltr'>vestigium</span> <span class='ocrx_word' id='word_1_379' title='bbox 875 1857 1005 1885; x_wconf 83' lang='lat' dir='ltr'>inuritur.</span> <span class='ocrx_word' id='word_1_380' title='bbox 1021 1852 1110 1895; x_wconf 85' lang='lat' dir='ltr'>Qod</span> <span class='ocrx_word' id='word_1_381' title='bbox 1129 1851 1148 1882; x_wconf 84' lang='lat' dir='ltr'>si</span> <span class='ocrx_word' id='word_1_382' title='bbox 1169 1850 1316 1881; x_wconf 75' lang='lat' dir='ltr'>frustulum</span> 
     </span>
     <span class='ocr_line' id='line_1_40' title="bbox 90 1894 1317 1946; baseline -0.008 -14"><span class='ocrx_word' id='word_1_383' title='bbox 90 1903 195 1933; x_wconf 74' lang='lat' dir='ltr'>charta:</span> <span class='ocrx_word' id='word_1_384' title='bbox 209 1913 255 1933; x_wconf 80' lang='lat' dir='ltr'>aut</span> <span class='ocrx_word' id='word_1_385' title='bbox 282 1901 362 1933; x_wconf 85' lang='lat' dir='ltr'>lintei</span> <span class='ocrx_word' id='word_1_386' title='bbox 388 1904 495 1946; x_wconf 87' lang='lat' dir='ltr'>spiritui</span> <span class='ocrx_word' id='word_1_387' title='bbox 521 1904 603 1937; x_wconf 83' lang='lat' dir='ltr'>vini,</span> <span class='ocrx_word' id='word_1_388' title='bbox 632 1912 678 1931; x_wconf 82' lang='lat' dir='ltr'>aut</span> <span class='ocrx_word' id='word_1_389' title='bbox 694 1911 771 1943; x_wconf 80' lang='lat' dir='ltr'>aquae</span> <span class='ocrx_word' id='word_1_390' title='bbox 789 1901 850 1930; x_wconf 90' lang='lat' dir='ltr'>vini</span> <span class='ocrx_word' id='word_1_391' title='bbox 873 1897 983 1928; x_wconf 78' lang='lat' dir='ltr'>ardenti</span> <span class='ocrx_word' id='word_1_392' title='bbox 1005 1894 1196 1929; x_wconf 83' lang='lat' dir='ltr'>immerseris,</span> <span class='ocrx_word' id='word_1_393' title='bbox 1216 1897 1245 1924; x_wconf 67' lang='lat'>&amp;⁷</span> <span class='ocrx_word' id='word_1_394' title='bbox 1268 1904 1317 1922; x_wconf 78' lang='lat' dir='ltr'>cx-</span> 
     </span>
     <span class='ocr_line' id='line_1_41' title="bbox 91 1936 1316 1988; baseline -0.011 -12"><span class='ocrx_word' id='word_1_395' title='bbox 91 1956 185 1976; x_wconf 82' lang='lat' dir='ltr'>tremo</span> <span class='ocrx_word' id='word_1_396' title='bbox 204 1945 282 1975; x_wconf 79' lang='lat' dir='ltr'>alteri</span> <span class='ocrx_word' id='word_1_397' title='bbox 298 1946 492 1988; x_wconf 82' lang='lat' dir='ltr'>phosphorum</span> <span class='ocrx_word' id='word_1_398' title='bbox 516 1944 679 1987; x_wconf 75' lang='lat' dir='ltr'>impositum</span> <span class='ocrx_word' id='word_1_399' title='bbox 702 1954 849 1977; x_wconf 73' lang='lat' dir='ltr'>conteras,</span> <span class='ocrx_word' id='word_1_400' title='bbox 874 1953 936 1972; x_wconf 87' lang='lat' dir='ltr'>tum</span> <span class='ocrx_word' id='word_1_401' title='bbox 962 1943 1074 1981; x_wconf 75' lang='lat' dir='ltr'>spiritus</span> <span class='ocrx_word' id='word_1_402' title='bbox 1096 1940 1154 1966; x_wconf 80' lang='lat' dir='ltr'>vini</span> <span class='ocrx_word' id='word_1_403' title='bbox 1175 1936 1316 1966; x_wconf 81' lang='lat' dir='ltr'>accende-</span> 
     </span>
     <span class='ocr_line' id='line_1_42' title="bbox 92 1981 1313 2032; baseline -0.011 -11"><span class='ocrx_word' id='word_1_404' title='bbox 92 1999 137 2021; x_wconf 82' lang='lat' dir='ltr'>tur</span> <span class='ocrx_word' id='word_1_405' title='bbox 155 2012 164 2025; x_wconf 89' lang='lat'>,</span> <span class='ocrx_word' id='word_1_406' title='bbox 185 1987 290 2019; x_wconf 75' lang='lat' dir='ltr'>tametsi</span> <span class='ocrx_word' id='word_1_407' title='bbox 313 1989 508 2032; x_wconf 80' lang='lat' dir='ltr'>phosphorum</span> <span class='ocrx_word' id='word_1_408' title='bbox 537 2000 595 2019; x_wconf 91' lang='lat' dir='ltr'>non</span> <span class='ocrx_word' id='word_1_409' title='bbox 619 1990 706 2029; x_wconf 76' lang='lat' dir='ltr'>tangit</span> <span class='ocrx_word' id='word_1_410' title='bbox 727 2009 735 2021; x_wconf 89' lang='lat'><em>‚</em></span> <span class='ocrx_word' id='word_1_411' title='bbox 764 1990 792 2017; x_wconf 86' lang='lat'>&amp;</span> <span class='ocrx_word' id='word_1_412' title='bbox 817 1986 913 2016; x_wconf 79' lang='lat' dir='ltr'>charta</span> <span class='ocrx_word' id='word_1_413' title='bbox 936 1984 993 2026; x_wconf 76' lang='lat' dir='ltr'>ipsa</span> <span class='ocrx_word' id='word_1_414' title='bbox 1016 1981 1159 2011; x_wconf 61' lang='lat' dir='ltr'>flammam</span> <span class='ocrx_word' id='word_1_415' title='bbox 1178 1982 1313 2020; x_wconf 55' lang='lat' dir='ltr'>concipit</span> 
     </span>
     <span class='ocr_line' id='line_1_43' title="bbox 92 2023 1316 2067; baseline -0.01 -4"><span class='ocrx_word' id='word_1_416' title='bbox 92 2033 165 2064; x_wconf 84' lang='lat' dir='ltr'>Non</span> <span class='ocrx_word' id='word_1_417' title='bbox 185 2032 264 2062; x_wconf 36' lang='lat' dir='ltr'>idi-ni</span> <span class='ocrx_word' id='word_1_418' title='bbox 287 2035 417 2067; x_wconf 80' lang='lat' dir='ltr'>eveniet,</span> <span class='ocrx_word' id='word_1_419' title='bbox 444 2031 464 2063; x_wconf 80' lang='lat' dir='ltr'>si</span> <span class='ocrx_word' id='word_1_420' title='bbox 490 2033 590 2064; x_wconf 74' lang='lat' dir='ltr'>chartae</span> <span class='ocrx_word' id='word_1_421' title='bbox 608 2042 653 2062; x_wconf 79' lang='lat' dir='ltr'>aut</span> <span class='ocrx_word' id='word_1_422' title='bbox 677 2031 756 2061; x_wconf 79' lang='lat' dir='ltr'>lintei</span> <span class='ocrx_word' id='word_1_423' title='bbox 771 2039 932 2060; x_wconf 82' lang='lat' dir='ltr'>extremum</span> <span class='ocrx_word' id='word_1_424' title='bbox 947 2025 1012 2056; x_wconf 87' lang='lat' dir='ltr'>oleo</span> <span class='ocrx_word' id='word_1_425' title='bbox 1033 2023 1241 2062; x_wconf 61' lang='lat' dir='ltr'>terebynthum</span> <span class='ocrx_word' id='word_1_426' title='bbox 1257 2025 1316 2051; x_wconf 84' lang='lat' dir='ltr'>im-</span> 
     </span>
     <span class='ocr_line' id='line_1_44' title="bbox 95 2064 1313 2140; baseline -0.007 -35"><span class='ocrx_word' id='word_1_427' title='bbox 95 2086 246 2119; x_wconf 79' lang='lat' dir='ltr'>mergatur.</span> <span class='ocrx_word' id='word_1_428' title='bbox 271 2076 309 2106; x_wconf 88' lang='lat' dir='ltr'>At</span> <span class='ocrx_word' id='word_1_429' title='bbox 333 2073 352 2105; x_wconf 77' lang='lat' dir='ltr'>si</span> <span class='ocrx_word' id='word_1_430' title='bbox 369 2079 441 2107; x_wconf 71' lang='lat' dir='ltr'>intra</span> <span class='ocrx_word' id='word_1_431' title='bbox 462 2075 581 2108; x_wconf 72' lang='lat' dir='ltr'>linteum</span> <span class='ocrx_word' id='word_1_432' title='bbox 605 2075 703 2118; x_wconf 81' lang='lat' dir='ltr'>spiritu</span> <span class='ocrx_word' id='word_1_433' title='bbox 718 2075 778 2104; x_wconf 76' lang='lat' dir='ltr'>vini</span> <span class='ocrx_word' id='word_1_434' title='bbox 799 2072 941 2104; x_wconf 83' lang='lat' dir='ltr'>imbutum</span> <span class='ocrx_word' id='word_1_435' title='bbox 958 2064 1313 2140; x_wconf 36' lang='lat' dir='ltr'>phospIhJorus-obremtur‚</span> 
     </span>
    </p>

    <p class='ocr_par' dir='ltr' id='par_1_12' title="bbox 1092 2119 1166 2150">
     <span class='ocr_line' id='line_1_45' title="bbox 1092 2119 1166 2150; baseline -0.014 -12"><span class='ocrx_word' id='word_1_436' title='bbox 1092 2121 1110 2141; x_wconf 79' lang='lat' dir='ltr'>ss</span> <span class='ocrx_word' id='word_1_437' title='bbox 1137 2119 1166 2150; x_wconf 77' lang='lat' dir='ltr'>llJ</span> 
     </span>
    </p>
   </div>
  </div>
 </body>
</html>
