1638 2345
207 163 297 193 ΑΝΝ.

209 210 288 247 ¹673-

320 124 379 145 no
624 110 809 144 REGIAE
853 107 1268 145 SCIENTIARUM

359 169 406 188 ιο.
443 155 572 188 Elevatio
589 156 649 200 poli
666 159 724 197 ejus
744 153 845 185 Insuloe
863 165 914 197 per
932 151 1022 184 stellas
1041 153 1110 184 fixas
1122 177 1132 189 ,
1153 167 1201 197 per
1216 155 1378 189 altitudines
1397 158 1472 189 Solis
1485 163 1550 190 mea

318 200 440 232 ridianas
455 222 464 236 ‚
487 211 518 230 ac
535 199 652 230 demum
674 209 722 241 per
741 201 895 228 maximam
917 199 948 227 δε
969 199 1120 228 minimam
1140 198 1223 230 stellae
1240 199 1345 243 polaris
1365 201 1549 234 altitudinem

317 243 449 286 indagata
469 243 618 274 manifesto
638 240 762 273 ostendit
776 239 962 271 refractiones
979 239 1072 271 multo
1086 240 1169 271 altius
1189 254 1275 284 quam
1291 245 1432 275 veteribus
1447 245 1546 276 Astro-

318 290 414 317 nomis
426 286 517 317 visum
535 285 587 316 fuit
601 308 610 320 ‚
632 285 700 315 astra
715 282 844 315 attollere
867 297 874 315 :
897 283 969 314 adeo
989 295 1018 314 ur
1035 283 1096 326 poli
1117 283 1281 323 altitudines
1300 297 1332 316 cx
1359 287 1436 318 stella
1454 287 1549 330 polari

317 329 452 361 deductas
472 332 613 370 corrigere
629 331 752 359 omnino
771 326 952 358 necessarium
973 327 1101 357 videatur
1117 349 1127 362 ,
1149 339 1215 359 cum
1239 332 1298 371 ejus
1321 330 1486 361 meridianae
1505 331 1549 362 al-

317 373 453 404 titudines
472 372 487 401 a
508 371 727 402 retractionibus
749 369 842 401 liberae
865 382 923 400 non
943 368 1005 401 sint.

358 426 401 447 ιι.
443 415 639 446 Pendulorum
659 425 722 457 quae
742 416 816 443 intra
841 416 985 444 minutum
1010 413 1163 444 secundum
1186 413 1363 445 excursiones
1385 415 1442 446 sitas
1466 427 1550 458 pera..

316 469 388 501 gunt
401 481 411 494 ‚
430 456 584 501 longitudo
605 460 635 488 in
654 469 685 487 ca
710 458 851 487 America:
871 459 985 499 regione
1007 455 1121 487 brevior
1143 468 1198 487 una
1221 457 1294 488 linea
1308 468 1373 488 cum
1393 458 1551 500 quadrante

317 513 464 545 comperta
477 501 515 532 cst
535 514 542 532 ι
565 503 603 531 ita
622 511 652 532 ut
670 499 854 541 horologium
874 498 983 530 Parisiis
1001 499 1135 541 exquisite
1152 499 1328 531 elaboratum
1347 505 1377 531 δε
1393 504 1421 531 in
1434 502 1550 542 Cayen-

317 556 383 575 nam
412 543 575 575 translatum
596 542 710 586 singulis
738 542 837 573 dicbus
856 542 962 573 tardius
977 541 1090 572 duobus
1114 545 1232 573 minutis
1251 554 1422 575 moveretur.
1459 545 1551 586 Qod

317 591 414 630 utique
435 587 532 618 locum
552 589 641 630 aperit
657 584 772 617 curiosis
793 596 844 615 nec
861 585 1010 616 inutilibus
1030 584 1268 627 inquisitionibus.
1297 586 1344 617 Dc
1359 586 1485 628 Physicis
1498 599 1553 619 ex..

316 634 483 673 perimentis
501 633 530 661 in
547 642 578 661 ea
599 629 692 661 Insula
707 629 788 659 saitis
804 628 909 659 idoneo
928 627 994 658 loco
1015 627 1152 660 dicemus.

360 675 450 704 Anno
484 678 551 713 1671
583 683 702 704 exeunte
735 671 832 702 mense
866 671 994 702 Ostobri
1025 675 1057 702 δε
1089 674 1204 703 ineunte
1242 672 1410 705 Novembri
1443 672 1554 705 satelles

319 717 435 748 Saturni
452 739 462 752 ‚
480 720 529 759 qui
556 718 722 747 inventione
743 714 900 750 sccundus,
925 714 971 745 sed
987 714 1090 746 ordine
1116 718 1232 757 quintus
1256 716 1313 747 dici
1331 715 1440 753 deber,
1467 716 1483 747 εὶ
1508 717 1554 748 D.

320 758 438 790 Caffino
464 763 493 790 in
514 762 639 789 maxima
657 759 672 788 ὲ
698 760 814 789 Saturni
835 757 925 800 globo
953 755 1123 800 digrcffione
1144 761 1270 801 primum
1295 758 1350 789 fuit
1376 759 1555 793 observatus.

321 803 397 833 Mox
415 804 550 838 evanuit,
570 813 621 832 nec
638 801 729 833 videri
753 803 847 845 potuit
859 823 869 836 ,
891 799 943 831 nist
959 804 1032 831 circa
1046 800 1173 832 medium
1188 801 1361 833 Decembris
1383 805 1450 833 anni
1465 808 1554 841 1672.

321 845 449 876 Rursum
469 845 494 876 se
513 844 604 876 oculis
627 845 758 876 subduxit
779 843 872 874 donec
887 843 936 874 sub
957 845 1072 874 initium
1093 843 1237 876 Februarii
1256 847 1324 876 anni
1344 852 1412 885 1673
1429 858 1478 890 per
1492 846 1555 877 dies

322 899 348 927 ¹3
374 888 446 920 visus
466 889 503 919 est
526 900 556 918 to
576 888 724 919 diametris
746 887 844 917 annuli
866 898 932 917 eum
950 886 1055 918 semisse
1079 887 1094 916 ὲ
1114 898 1212 918 centro
1231 889 1345 919 Saturni
1366 890 1465 920 distare
1483 914 1493 924 ‚
1519 892 1553 920 δε

322 931 473 974 periodum
497 930 574 962 suam
596 933 670 961 circa
690 932 843 962 Saturnum
864 932 939 960 intra
961 933 996 960 80
1019 929 1079 960 dies
1097 929 1237 961 conficere
1261 932 1353 974 postea
1371 942 1555 974 compertum

322 975 369 1005 est.
397 975 461 1005 Nec
484 974 509 1004 se
531 975 688 1005 videndum
707 972 814 1016 praeber
835 972 886 1003 nist
912 975 942 1003 in
957 972 1142 1004 Occidentali
1163 972 1178 1002 ὲ
1198 975 1309 1005 Saturni
1328 973 1419 1016 globo
1444 974 1555 1017 digres-

323 1016 409 1047 fiune.
435 1018 516 1048 Nam
534 1017 650 1048 luminis
675 1019 850 1047 incrementa
872 1014 956 1046 sumit
976 1018 1007 1047 ὃ(
1026 1015 1207 1047 decrementa
1222 1039 1233 1052 ,
1257 1016 1327 1048 adeo
1351 1028 1382 1048 ut
1403 1017 1555 1050 oculorum

323 1062 413 1090 aciem
435 1059 552 1102 effugiat
571 1063 600 1090 in
622 1057 794 1102 digressione
814 1057 960 1089 Orientali
980 1083 988 1097 ‚
1015 1058 1065 1089 sub
1081 1058 1225 1102 aspestum
1244 1063 1336 1091 veniat
1352 1062 1382 1090 in
1401 1059 1555 1103 digreffio-

324 1114 359 1132 ne
385 1102 575 1134 Occidentali.
607 1103 685 1132 Cum
699 1101 745 1133 die
768 1113 793 1140 13
815 1101 988 1132 Decembris
1013 1105 1080 1132 anni
1100 1108 1172 1140 1672
1194 1106 1296 1146 reperti
1319 1102 1442 1134 satellitis
1462 1107 1511 1146 qui
1529 1104 1555 1134 se

324 1145 396 1176 visui
415 1145 582 1178 subduxerat
601 1146 715 1188 vestigia
733 1155 872 1187 quaererer
894 1144 936 1176 D.
954 1143 1064 1175 Caffini
1078 1167 1087 1180 ‚
1107 1145 1194 1175 alium
1213 1148 1322 1177 invenit
1343 1146 1490 1177 satellitem
1507 1148 1557 1177 Sa·

324 1199 410 1219 turno
430 1192 595 1232 propiorem
606 1213 615 1227 ,
636 1199 723 1230 quem
737 1186 984 1218 observationibus
996 1187 1126 1230 deinceps
1139 1188 1175 1219 ad
1190 1187 1277 1219 finem
1295 1189 1423 1231 januarii
1439 1189 1556 1223 habitis,

324 1231 512 1273 deprehendit
533 1231 611 1262 suam
637 1234 712 1261 circa
737 1233 891 1262 Saturnum
917 1229 1127 1261 revolutionem
1151 1230 1296 1262 absolvere
1320 1231 1420 1262 diebus
1445 1243 1463 1269 4
1488 1243 1556 1263 cum

326 1272 435 1304 semisse
447 1297 457 1309 ,
477 1278 508 1306 ὅ(
522 1277 551 1305 in
568 1276 692 1305 maxima
705 1271 875 1316 digreffione
895 1273 931 1304 ab
942 1277 1000 1312 ejus
1013 1284 1112 1304 centro
1129 1273 1218 1304 tribus
1231 1274 1445 1305 semidiametris
1458 1275 1557 1305 annuli

329 1327 395 1347 cum
414 1317 569 1359 quadrante
591 1317 693 1348 distare
706 1338 714 1351 ,
733 1327 764 1346 ut
786 1318 816 1346 in
840 1316 916 1347 libro
930 1317 965 1349 de
988 1317 1031 1347 his
1050 1315 1163 1347 duobus
1176 1316 1345 1349 satellitibus
1365 1319 1441 1361 Regi
1463 1318 1557 1349 dicare>

328 1370 406 1390 anno
427 1366 501 1400 1673
525 1360 561 1392 ab
583 1371 618 1391 eo
641 1357 799 1403 expositum
819 1358 884 1390 fuit.

330 1443 1559 1510 fflffifflffiss²ssssffiffissffiss²ssffifflmffi

552 1550 883 1598 SECTIO
978 1549 1349 1598 DECIMA.

713 1654 774 1695 De
798 1650 954 1711 Plgyficis
979 1647 1160 1694 laboribus.

430 1748 483 1779 Uoe
512 1746 604 1778 secuta
628 1745 690 1777 sunt
711 1749 845 1789 proximo
872 1749 995 1778 triennio
1021 1746 1139 1787 Physica
1159 1751 1348 1791 experimenta
1368 1771 1377 1784 ,
1398 1761 1500 1793 magna
1524 1762 1559 1781 ez

335 1747 412 1831 Q
430 1801 506 1832 parte
526 1792 600 1833 typis
622 1789 757 1820 mandata
775 1793 806 1820 &
825 1790 931 1833 publici
953 1793 1021 1832 juris
1041 1789 1114 1820 faeta
1137 1790 1207 1821 sunt.
1233 1793 1312 1821 Hinc
1327 1792 1460 1835 pleraque
1479 1805 1511 1823 ex
1526 1797 1563 1824 ijs,

334 1843 449 1875 operam
471 1833 594 1864 nostram
616 1843 674 1862 non
695 1831 852 1864 desiderant
874 1845 884 1868 ·‚
906 1844 958 1863 nec
978 1832 1085 1864 necesse
1106 1833 1145 1864 est
1166 1832 1213 1863 illa
1234 1834 1378 1877 separatim
1392 1837 1561 1879 pertractare

336 1878 366 1906 δέ
388 1874 440 1905 suis
466 1886 582 1918 quaeque
604 1875 784 1918 temporibus
802 1875 942 1907 dividere.
978 1877 1049 1906 Haec
1062 1879 1139 1906 enim
1164 1877 1203 1906 D.
1222 1878 1262 1907 D.
1287 1879 1411 1910 Perrault
1438 1883 1469 1910 δε
1492 1881 1559 1909 Ma-

337 1920 420 1948 riotte
440 1919 470 1948 in
488 1921 587 1961 primis
610 1917 663 1950 suis
684 1918 890 1949 tentaminibus
913 1918 1037 1960 Physicis
1051 1945 1060 1957 ‚
1081 1920 1122 1950 D.
1150 1921 1199 1950 Du
1224 1920 1298 1952 Clos
1316 1924 1345 1951 in
1366 1924 1502 1953 Tne-„stam
1522 1922 1561 1952 de

337 1963 415 2002 aquis
438 1961 639 1997 mineralibus,
661 1961 812 1994 tradidere.
844 1963 884 1992 Ar
902 1961 1011 1992 silentio
1024 1967 1234 2005 praetermittere
1254 1977 1311 1995 non
1330 1966 1395 1998 lice:
1411 1976 1472 2007 qua:
1485 1967 1562 1997 circa

337 2013 399 2034 rem
419 2003 576 2036 herbariam
590 2026 600 2041 ,
623 2014 669 2037 aut
690 2007 857 2049 Botanicam
863 2005 996 2048 prodiere
1017 2010 1046 2036 in
1065 2004 1226 2048 publicum.
