1638 2345
329 136 385 167 196
632 131 800 163 REGIAE
843 129 1241 165 SCIENTIARUM

212 178 300 207 Am«.
326 174 475 205 militatis:
495 172 654 216 cujusmodi
672 173 743 204 illud
765 172 817 204 fuit
836 172 850 202 Ξι
872 174 910 202 D.
928 175 977 205 Du
991 173 1062 204 Clos
1081 177 1153 205 inter
1168 177 1222 207 alia
1242 178 1370 219 jastum,
1386 176 1558 216 decoCtion'd

214 225 299 253 1631.
326 216 427 248 trifolii
447 217 574 260 palustris
590 240 598 252 ‚
620 228 666 247 aut
689 215 775 258 sinapi
796 228 865 260 pozu
885 217 1045 248 scorbutum
1069 217 1164 249 sanari.

368 264 404 293 V.
448 262 526 293 Cum
548 260 583 291 de
605 261 740 290 strustura
760 263 788 290 &
816 260 864 290 usu
885 264 984 302 organi
1005 260 1115 291 auditus
1132 264 1279 294 “astatum
1293 261 1372 294 suum
1385 262 1492 307 legeret
1511 264 1558 297 D:

328 306 379 335 Du
402 307 515 345 Verney
538 325 546 337 ‚
577 314 608 332 ac
629 303 664 333 dc
686 315 748 333 cera
770 314 832 345 qua:
852 306 881 333 in
901 307 992 347 prima
1010 304 1142 335 auriculae
1156 309 1274 336 cavitate
1293 309 1416 337 occurrit
1431 330 1441 343 ,
1462 307 1556 339 sermo

325 348 476 378 haberetur
496 369 505 381 ,
528 356 646 387 eamque
669 346 812 377 interdum
839 358 976 389 tympano
1011 347 1199 380 adhaerescere
1213 371 1222 384 ‚
1246 353 1275 380 δε
1296 348 1407 380 sensum
1427 349 1558 382 obtusio-¹

325 403 386 420 rem
412 390 527 420 reddere
544 390 662 432 quidam
682 390 830 420 all'eierent
844 412 853 424 ‚
873 392 959 420 iidem
983 391 1188 428 injeclionibus
1210 403 1271 422 eain
1288 392 1360 423 dilui
1385 397 1416 424 ἅ
1435 393 1559 435 abstergi

326 435 413 464 restari
439 434 508 464 sunr.
535 443 560 462 z.
587 434 671 462 Hanc
700 431 752 462 css'c
775 432 932 464 admodum
963 432 1144 464 balsamicam
1170 433 1353 466 confirmavit
1387 437 1428 467 D.
1456 436 1555 467 Borel.

327 476 461 507 Addebat
492 477 533 506 D.
561 475 674 506 Dodart
699 479 727 506 in
747 479 950 519 praeparatione
976 475 1095 507 saccliari
1116 477 1243 520 spumam
1267 477 1302 508 ab
1326 489 1357 508 ca
1375 478 1497 515 discuti,
1514 482 1558 510 uti

326 522 411 550 eriam
434 518 466 550 fit
485 522 514 549 in
533 522 639 549 recenti
661 520 794 561 sanguine
815 520 830 550 ὲ
853 530 922 550 vena
943 518 1053 549 emisso.

372 566 397 593 V
412 566 436 595 Ι.
480 564 527 592 Dc
556 561 630 592 sonis
658 572 772 605 quoque
793 561 856 592 data
877 561 1021 593 occasione
1048 562 1188 594 nonnulla
1213 562 1306 594 obiter
1329 562 1390 594 sunt
1411 575 1556 596 annotata.

302 642 306 644 ,
326 605 404 637 Illud
422 617 466 638 ex.
483 616 524 647 gr.
545 604 560 635 ἐι
583 606 623 635 D.
640 605 761 636 Blondel
780 604 960 636 observatum
976 627 985 640 ,
1006 616 1083 649 aquae
1100 605 1207 650 scypho
1220 609 1311 636 vitreo
1333 617 1473 638 contenta:
1485 607 1558 640 dum

326 652 391 679 vitri
408 652 547 691 margines
573 648 663 690 digito
683 659 849 691 premuntur
862 671 871 684 ,
902 647 1065 679 ebullientis
1090 660 1193 690 parvos
1214 648 1343 680 circellos
1361 649 1557 694 conduplicari

304 692 308 693 ⁷
326 703 392 723 cum
412 703 495 723 tonus
513 691 548 722 ad
562 693 695 722 oc'tavani
712 695 840 735 pervenit
854 714 862 727 ‚
879 692 956 735 quod
971 703 1065 722 motus
1082 693 1113 723 sit
1128 692 1220 736 duplo
1238 691 1375 731 velocior.

373 734 506 766 Addebat
528 736 568 766 D.
586 736 722 766 Mariortc
743 738 770 766 in
793 734 858 766 tuba
873 734 986 765 rnilirari
1006 746 1164 766 extremam
1181 740 1210 767 &
1227 735 1358 766 latiorem
1374 747 1481 779 partem
1495 747 1556 769 tum

327 789 448 810 tremere
460 800 469 813 ,
487 789 551 809 cum
572 778 655 809 sonus
671 779 707 808 est
720 781 833 821 gravior
850 789 858 813 ·,
877 789 906 808 ut
925 790 985 821 pars
998 777 1091 809 media
1107 777 1200 809 fremit
1212 783 1241 810 in
1254 779 1384 822 diapente
1396 790 1405 814 3
1419 779 1556 812 tremulus

325 831 398 853 'vero
412 832 508 853 motus
525 824 555 851 in
569 824 669 852 osstava
687 823 842 865 superiores
866 821 936 852 tubae
951 833 1042 864 partes
1060 825 1197 853 conciuit.

731 969 1035 1008 CAPUT
1098 971 1175 1009 lv.

386 1066 435 1095 De
460 1059 498 1093 iis
527 1070 590 1107 quae
625 1059 696 1092 alla
715 1056 796 1104 fiant
825 1069 893 1092 cum
922 1055 1095 1091 Ludo-vicus
1127 1063 1265 1106 Magnas
1297 1058 1498 1096 Academiam

752 1111 826 1142 invi
842 1120 890 1142 ere
912 1108 1058 1156 dignatus
1083 1107 1130 1155 (st,

331 1201 354 1243 1.
473 1213 501 1241 le
529 1222 541 1252 5
570 1211 739 1243 Decembris
760 1210 922 1242 Ludovicus
943 1212 1067 1253 Magnus
1085 1209 1136 1240 sum
1156 1212 1312 1251 Majestatis
1330 1210 1472 1255 praesenria
1486 1213 1557 1243 Aca·

470 1254 594 1285 demiam
608 1255 818 1285 cohonestatam
838 1253 939 1284 voluit.
963 1256 1029 1285 Una
1043 1265 1108 1283 cum
1124 1253 1175 1283 illo
1188 1255 1305 1284 aderant
1324 1253 1453 1285 Sereniff.
1467 1258 1557 1286 Fran-

329 1302 379 1329 ciae
392 1298 553 1341 Delphinus
563 1320 571 1332 ,
590 1299 682 1327 Frater
697 1298 783 1340 Regis
796 1298 908 1328 Unicus
918 1322 926 1335 ,
939 1294 1068 1326 Sereniss'.
1084 1299 1150 1328 Dux
1168 1308 1241 1327 nunc
1255 1298 1385 1341 Princeps
1399 1297 1557 1334 Condoeus,

331 1345 362 1372 δί
379 1341 426 1372 alii
447 1343 587 1384 primariae
609 1339 766 1371 nobilitatis
789 1343 862 1371 Viri.
889 1341 966 1371 Cum
982 1340 1045 1370 Rex
1068 1339 1276 1370 Bibliorliccam
1301 1339 1454 1376 lustrasset,
1472 1341 1558 1372 labo-

331 1388 468 1415 raterium
484 1406 491 1418 ‚
511 1394 653 1414 utvocant
667 1405 676 1418 ,
699 1383 742 1413 seu
762 1382 906 1413 officinam
927 1383 1078 1423 Chymicis
1099 1382 1243 1413 laboribus
1260 1383 1424 1414 destinaram
1444 1383 1557 1420 invisit,

330 1427 376 1459 ubi
398 1427 529 1470 quaedani
547 1427 628 1468 hujus
645 1438 710 1457 artis
735 1425 887 1470 specimina
906 1428 945 1458 D.
966 1425 1077 1458 Duclos
1092 1425 1233 1457 exhibuit.
1258 1426 1387 1457 Primum
1403 1439 1480 1470 aquae
1496 1439 1559 1458 ma-

330 1473 400 1501 rinae
423 1469 652 1513 coagulationem
676 1473 705 1500 in
731 1480 879 1500 momento
899 1468 1017 1504 effecit,
1039 1467 1105 1499 olco
1126 1469 1189 1499 usus
1211 1472 1306 1500 tartari
1333 1481 1367 1500 eo
1394 1480 1452 1511 quo
1477 1469 1557 1513 supra

330 1513 441 1544 dietum
457 1516 494 1544 est
515 1513 612 1544 modo.
641 1524 667 1544 ι.
695 1512 770 1543 Sales
792 1511 929 1554 quosdam
948 1515 1101 1543 acerrimos
1122 1534 1131 1547 ‚
1149 1511 1310 1553 cujusmodi
1328 1512 1366 1542 est
1389 1511 1426 1542 sal
1449 1515 1556 1548 tartari,

331 1560 359 1586 in
383 1569 484 1587 terram
515 1555 664 1599 insipidam
692 1556 820 1587 redactos
848 1555 969 1586 ostendit
990 1577 999 1590 ‚
1029 1555 1108 1597 quod
1133 1558 1216 1586 variis
1241 1555 1397 1586 lotionibus
1421 1554 1554 1587 effe-crum

330 1598 394 1630 fair.
423 1612 446 1639 3.
477 1602 597 1643 Spiritus
619 1602 678 1630 vini
699 1602 726 1629 iii
743 1610 844 1640 aquam
864 1598 1009 1634 exsoluti,
1030 1609 1060 1628 ac
1085 1597 1207 1629 flanimae
1222 1597 1298 1629 illius
1317 1597 1530 1630 distillationem
1543 1621 1555 1635 ‚

330 1646 409 1685 cujus
421 1642 491 1674 alias
513 1645 696 1673 meminimus
712 1665 720 1678 ‚
746 1642 849 1675 effecit.

377 1687 425 1718 11.
451 1687 472 1715 E
497 1685 672 1716 laboratorio
693 1686 786 1716 aulam
806 1689 834 1716 in
854 1697 909 1730 qua
923 1685 1088 1716 Academici
1099 1696 1178 1716 erant
1191 1689 1353 1728 congregari
1367 1686 1430 1715 Rex
1446 1686 1559 1727 ingres-⁴

331 1728 375 1760 sus
387 1751 396 1764 ‚
419 1732 541 1772 primurn
554 1728 596 1759 illi
613 1741 699 1772 opera
713 1732 769 1771 jain
782 1729 856 1759 cdira
872 1752 881 1764 ,
904 1740 1023 1772 quaeque
1043 1740 1121 1759 erant
1135 1731 1163 1758 in
1175 1728 1308 1759 ordinem
1321 1728 1424 1770 digesta
1437 1751 1446 1764 ,
1461 1729 1557 1766 osten-‚¹

331 1772 374 1802 dit
398 1775 435 1803 D.
457 1771 581 1803 Colbert
603 1795 612 1807 ,
639 1784 698 1802 rum
719 1784 748 1802 ea
766 1784 827 1815 qua:
845 1784 923 1802 erant
942 1775 970 1803 in
992 1772 1083 1802 lucem
1110 1772 1265 1815 proditura.
1299 1771 1478 1802 Animaliuiu
1497 1779 1558 1804 ter-¹

332 1816 459 1846 restrium
483 1815 497 1844 ὲ
522 1816 560 1848 D.
579 1815 705 1846 Perrault
720 1837 728 1850 ,
749 1816 870 1859 piscium
892 1815 991 1846 iridem
1015 1818 1110 1845 icones
1131 1814 1144 1843 ἡ
1165 1815 1203 1844 D.
1224 1816 1270 1844 Dc
1291 1815 1314 1846 la
1334 1817 1407 1845 Hire
1427 1815 1555 1847 delinea-

332 1869 372 1888 tas
386 1881 394 1894 ‚
415 1857 497 1890 simul
515 1858 623 1900 aliquot
646 1859 772 1901 stirpium
798 1857 900 1901 figuras
922 1860 1055 1890 attentius
1079 1857 1210 1900 inspexit.
1235 1859 1313 1888 Tuin
1335 1870 1388 1900 qua
1413 1858 1481 1890 solet
1500 1859 1556 1890 hu-'

330 1905 463 1933 inanitate
479 1901 666 1931 Academicos
684 1902 783 1932 affatus
803 1914 810 1933 :
832 1901 903 1932 nihil
928 1901 1067 1932 ncctssum
1086 1901 1123 1931 est
1137 1923 1145 1936 ,
1165 1903 1256 1943 inquit
1270 1924 1279 1936 ,
1303 1913 1354 1932 vos
1372 1901 1470 1944 sponte
1493 1913 1555 1933 cur-

331 1956 421 1976 rentes
442 1947 556 1976 incirarc
580 1967 590 1979 ‚
610 1955 682 1987 quos
701 1944 785 1974 video
810 1945 946 1975 navandae
972 1956 1062 1988 operat
1088 1944 1206 1987 cupidos
1230 1948 1260 1975 Β(
1282 1944 1317 1975 ad
1335 1944 1462 1976 laborem
1477 1945 1552 1976 ultro

331 1987 409 2020 ferri.

385 2033 459 2062 111.
506 2030 638 2061 Tandem
664 2030 732 2061 duas
762 2029 822 2059 illas
847 2031 989 2062 machinas
1011 2043 1130 2074 quatum
1160 2031 1240 2074 supra
1261 2035 1442 2064 meminimus
1465 2031 1480 2061 ὲ
1509 2032 1550 2062 D.

334 2077 463 2106 Rs'c'xner
481 2077 652 2116 excogitatas
673 2077 703 2104 &
725 2072 760 2103 ab
780 2072 914 2103 industrio
936 2073 1044 2105 artifice
1065 2074 1219 2106 elaboratas
1236 2078 1265 2106 Sc
1290 2075 1425 2118 pei-sectas
1440 2077 1551 2105 intento

334 2130 429 2149 annno
449 2120 514 2150 Rex
537 2117 657 2160 dispexit
671 2139 679 2153 ‚
700 2127 820 2159 quarum
841 2128 897 2149 una
920 2116 1041 2160 Eclipses
1062 2140 1072 2154 ,
1094 2117 1182 2149 altera
1202 2119 1342 2150 theoriam
1361 2118 1553 2153 Planetaruni,
