1638 2345
351 101 660 133 ACADEMIAE
705 101 999 132 HISTORIA.
1036 104 1174 134 Lini.
1280 114 1309 142 5-1

85 159 138 193 que
157 145 352 190 incipiendum
375 147 456 177 duxit
482 147 527 176 D.
544 146 679 179 Auzout,
699 154 765 174 cum
783 146 893 175 viveret
909 147 952 175 vir
974 148 1055 175 omni
1075 156 1177 187 genere
1200 145 1307 177 doitri·
1329 145 1422 184 Astra?

86 203 130 221 na:
157 192 298 234 prcrstans.
338 191 414 221 Cum
435 200 527 220 autem
552 199 670 230 utraque
691 186 853 218 observatio
872 190 956 218 variis
984 186 1046 218 fieri
1080 188 1176 219 modis
1198 189 1283 231 possit
1304 215 1311 224 ,
1327 193 1424 220 vomica

86 238 183 277 primo
199 234 265 265 loco
283 233 407 265 habendi
429 232 490 263 sunt
505 235 523 263 ii
538 234 587 274 qui
608 243 641 261 cx
664 230 725 261 aliis
745 230 887 273 prioribus
907 233 937 261 in
952 230 1053 274 quibus
1066 232 1177 262 errandi
1191 233 1229 262 est
1244 236 1313 275 peri-

85 277 202 312 culum,
227 289 284 308 non
308 277 442 321 pendent.
468 277 562 318 Hujus
580 277 692 316 generis
715 274 752 304 est
768 273 833 305 Poli
857 272 978 305 altitudo
1003 286 1066 318 qua·
1081 286 1115 306 ex
1138 279 1262 306 maxima
1283 280 1313 306 δε

85 324 206 352 minima
229 320 312 352 stellce
335 320 440 364 polaris
463 330 509 350 aut
525 318 638 349 alterius
661 330 693 348 ex
717 320 750 348 iis
773 328 836 359 quae
866 329 1012 361 nunquam
1032 318 1169 350 occidunt
1184 319 1315 351 altitudi-

85 375 121 394 ne
146 368 324 399 meridiana,
344 363 391 393 vel
408 366 436 393 in
455 361 554 392 eadem
570 363 654 391 nocte
667 384 675 396 ,
691 360 737 391 vel
757 365 844 391 etiam
856 361 918 404 post
940 361 1050 403 aliquot
1071 361 1209 393 mensium
1227 366 1316 394 inter-

85 406 193 438 vallum
214 407 398 449 dignoscitur.
416 407 496 437 Nam
515 416 546 436 ut
571 415 675 435 norunt
697 416 798 434 omnes
820 405 866 434 vel
886 403 1070 435 mediocriter
1092 405 1127 436 ab
1150 406 1202 436 hac
1226 406 1316 437 scien-

84 452 122 480 tia
142 452 286 486 instructi,
304 451 364 493 ipsa
384 449 446 494 poli
468 447 591 480 altitudo
613 450 687 479 inter
713 458 859 492 utramque
883 448 921 478 est
944 447 1048 480 media.

124 495 182 524 Die
200 497 301 536 quinta
319 495 446 535 Januarii
469 495 536 522 anni
563 495 643 522 1668.
672 492 712 523 D.
741 494 815 522 Buot
839 491 1052 522 observationes
1075 491 1134 522 suas
1159 491 1317 523 altitudinis

86 536 152 568 Poli
169 537 214 568 die
237 549 286 577 30.
305 536 478 567 Decembris
497 538 527 566 in
543 535 628 565 hotto
642 534 830 565 Bibliothecae
852 536 951 577 Regiae
968 533 1055 565 factas
1070 534 1232 566 Academiae
1249 547 1317 579 pro-

85 580 191 622 posuit.
224 584 358 612 Sextante
382 579 446 610 usus
475 579 512 609 cst
545 580 624 619 cujus
661 578 755 608 radius
793 589 852 609 crat
876 577 925 608 fex
956 578 1061 620 pedum
1090 590 1098 613 ·,
1133 590 1166 608 ex
1195 582 1319 610 maxima

84 623 169 652 stella:
195 623 299 667 polaris
318 627 347 654 &
371 625 493 653 minima
514 620 763 655 altitudine,Poli
782 620 868 664 ipsius
894 621 1076 651 altitudinem
1090 626 1139 657 48.
1152 634 1194 664 gr.
1218 636 1263 665 5²--
1278 634 1318 655 m.

82 667 205 702 invenit,
219 666 347 697 distantia
356 665 439 696 stella:
452 664 557 708 polaris
569 663 584 693 τὶ
595 663 668 694 Polo
676 667 792 695 inventa
801 664 839 694 est
850 676 875 695 2.
887 664 967 706 grad.
984 676 998 695 2
1008 667 1033 696 8.
1046 677 1085 695 m.
1102 676 1144 706 15.
1157 665 1206 695 sec.
1226 667 1267 698 D.
1283 667 1318 697 de

85 708 236 740 Roberval
253 709 374 741 eandem
394 709 452 740 fere
468 706 554 739 stella:
579 707 684 750 polaris
708 708 724 737 ὲ
749 706 818 751 polo
840 707 901 750 ipso
917 706 1078 738 distantiam
1097 711 1220 750 reperit,
1242 721 1320 740 erro-

85 763 146 782 rem
168 763 263 784 tamen
288 752 460 784 nonnullum
481 763 514 782 ex
531 750 649 793 pinnula
674 751 747 782 male
769 750 910 781 collocata
930 750 1066 794 irrepsisse
1086 752 1181 794 postea
1202 764 1320 795 compr-

85 798 122 826 rit
143 809 148 826 :
171 808 253 840 atque
267 796 342 827 haud
365 796 422 827 scio
447 807 481 825 an
505 793 711 825 tefraCtionum
736 805 795 824 tum
823 793 919 825 habita
946 794 1030 825 fuerit
1049 798 1120 825 ratio
1136 818 1144 830 ‚
1164 806 1250 837 quam
1278 798 1319 826 D.

86 838 216 870 Caffinus
233 839 342 870 stellam
365 839 492 882 polarem
517 849 576 868 uno
599 840 711 869 minuto
734 836 806 868 ultra
819 849 905 880 quam
921 849 970 881 par
988 837 1038 874 fit,
1063 837 1196 869 attollere
1214 838 1319 881 depre-

86 881 198 914 hendit.

112 927 148 956 11
166 928 188 956 Ι.
210 928 257 957 Sic
283 925 356 957 linea
371 925 530 956 meridiana.
550 924 635 956 stellae
653 923 772 964 alicujus
797 922 860 954 fixae
877 923 1021 956 beneficio
1046 924 1110 955 finis
1130 937 1256 957 accurate
1275 926 1320 957 de-

86 967 208 999 lineatur
221 992 230 1005 ‚
250 981 315 1000 curn
332 972 391 1011 ejus
407 968 489 998 stella:
508 967 671 998 altitudines
689 967 751 996 duae
776 965 827 997 fibi
847 967 967 1008 mquales
981 968 1127 998 sumuntur
1147 991 1155 1004 ‚
1175 971 1205 999 in
1230 981 1321 1012 aequa⁴

87 1011 138 1041 li&
161 1012 326 1043 Meridiano
348 1012 487 1043 distantia.
511 1011 591 1041 Nam
617 1009 763 1040 Orientali
785 1010 913 1052 primum
929 1036 936 1046 ,
956 1022 1018 1042 tum
1040 1011 1226 1042 Occidentali
1260 1016 1320 1043 azi—

85 1055 188 1085 mutho
208 1059 237 1085 in
260 1055 345 1098 plano
365 1056 527 1084 horizontis
548 1056 691 1095 utrimque
709 1064 808 1083 notato
833 1075 842 1088 ,
867 1056 916 1095 qui
937 1053 974 1084 ab
1011 1056 1045 1084 iis
1068 1055 1322 1097 comprehenditur

86 1097 207 1140 angulus
227 1098 358 1129 bifariam
379 1097 469 1128 sectus
486 1097 590 1127 lincam
608 1095 794 1126 meridianam
813 1096 929 1139 praebet.

130 1143 228 1172 Unam
251 1142 266 1171 ὲ
286 1140 350 1171 fixis
373 1153 433 1183 quae
448 1144 521 1171 inter
539 1139 637 1182 polum
657 1139 756 1169 mundi
774 1142 804 1169 &
827 1140 932 1170 Zenith
947 1140 1074 1170 nostrum
1095 1140 1260 1181 pertransit,
1283 1142 1319 1172 sc-

87 1183 138 1227 ligi
156 1184 309 1215 commode
334 1183 409 1227 poss'e
426 1183 598 1214 admonebat
620 1185 659 1213 D.
682 1183 822 1224 Hugen33
838 1194 892 1213 una
917 1193 1000 1224 wgr.
1021 1194 1055 1212 ex
1078 1182 1185 1225 septem
1203 1188 1320 1225 majoris

86 1227 169 1259 Ursae
182 1230 257 1259 circa
268 1227 377 1259 menses
397 1229 537 1258 Martium
554 1230 583 1257 &
605 1225 739 1268 Aprilem
761 1226 805 1255 his
823 1229 853 1255 in
873 1225 1039 1268 regionibus
1063 1227 1127 1256 huic
1146 1229 1184 1256 rei
1211 1228 1248 1258 est
1269 1240 1319 1270 ap-

87 1269 192 1301 tiffima
206 1294 214 1306 ,
233 1271 252 1301 si
269 1281 424 1301 extremam
441 1270 535 1301 caudae
558 1271 717 1312 exceperis,
741 1279 804 1310 quoe
818 1268 892 1300 ultra
918 1271 1026 1300 Zenith
1054 1272 1187 1301 excurrit.
1212 1271 1271 1301 Sub
1284 1272 1320 1302 fi-

86 1325 154 1344 nem
170 1315 288 1357 Augusti
309 1326 371 1344 earn
387 1314 488 1345 itidem
506 1325 567 1356 quae
590 1316 619 1343 in
641 1313 751 1355 Cephei
769 1312 888 1343 humeto
913 1312 962 1343 fita
981 1313 1018 1342 cst
1034 1335 1042 1348 ‚
1065 1325 1110 1343 aut
1131 1312 1254 1355 denique
1272 1316 1321 1347 sub

88 1360 204 1388 initium
220 1357 402 1388 Novembris
425 1369 480 1388 tres
500 1367 546 1387 aut
565 1366 686 1399 quatuor
706 1353 866 1399 Cassiopea:
886 1355 977 1386 stellas
991 1359 1020 1386 in
1041 1356 1171 1386 eamdem
1193 1368 1252 1387 rem
1269 1359 1320 1389 ad-

88 1400 189 1431 hibere
207 1400 281 1433 licet.
306 1403 337 1432 Id
357 1412 470 1444 quoque
490 1403 564 1430 circa
582 1399 729 1429 solstitium
745 1399 888 1435 mstivum,
914 1410 979 1429 cum
993 1398 1071 1430 Solis
1088 1398 1244 1430 declinatio
1265 1413 1318 1444 pe..

88 1454 124 1474 ne
146 1443 244 1475 eadem
265 1455 382 1479 manet,
403 1442 558 1474 commode
575 1441 634 1472 fieri
654 1442 754 1483 potest.
779 1445 859 1474 Turn
881 1445 958 1473 enim
984 1443 1142 1473 Azimurha
1169 1442 1246 1474 Solis
1273 1456 1318 1475 ra-

88 1486 143 1518 diis
156 1510 165 1522 ‚
184 1499 233 1518 aut
250 1487 314 1527 styli
331 1486 433 1517 umbra
466 1485 577 1517 facilius
595 1484 785 1527 dcsignantur.

110 1532 175 1561 IV.
200 1532 256 1561 His
278 1530 349 1562 bene
371 1530 530 1560 constitutis
549 1527 690 1558 stellatum
708 1527 771 1559 situs
791 1532 818 1559 δι
848 1527 998 1571 positiones
1019 1527 1129 1560 facilius
1149 1528 1313 1573 designari,

89 1576 122 1604 &
152 1572 273 1605 coelestis
294 1572 398 1617 globus
415 1573 500 1615 longe
521 1574 674 1602 accuratius
693 1571 780 1615 quiim
802 1571 872 1602 solet
889 1572 1024 1603 delineari
1038 1574 1152 1614 poterit.
1175 1574 1265 1614 Qod
1285 1587 1314 1606 ut

88 1619 157 1647 citra
177 1629 303 1647 errorem
326 1614 484 1647 sensibilem
506 1615 641 1657 consequi
664 1614 766 1650 liceat,
789 1614 931 1646 stellarum
949 1615 1122 1646 ascenfiones
1145 1620 1228 1647 reetae
1246 1640 1255 1653 ,
1282 1622 1312 1648 &

89 1671 188 1690 catum
213 1659 382 1691 differenti-‘e
396 1682 405 1694 ‚
433 1670 546 1690 necnon
570 1661 600 1689 &
625 1670 721 1689 earum
742 1658 966 1694 declinationes,
984 1659 1130 1700 horologii
1147 1660 1313 1692 oscillatotii

89 1714 147 1745 ope
169 1703 215 1734 seu
236 1702 353 1746 penduli
372 1703 386 1732 ὲ
407 1701 560 1733 clarissimo
585 1703 722 1744 Hugenio
739 1713 802 1732 ante
823 1701 933 1745 aliquot
952 1713 1041 1733 annos
1055 1705 1164 1733 inventi
1182 1726 1191 1739 ‚
1206 1705 1315 1747 perspe-

91 1747 142 1776 ‹Srae
165 1746 263 1777 haberi
282 1746 397 1778 debent.
417 1748 483 1786 Qa
507 1745 536 1776 id
551 1747 658 1775 tatione
678 1744 776 1780 ficret,
791 1745 925 1777 adhibitis
948 1744 1004 1776 filis
1028 1746 1062 1776 ad
1080 1747 1315 1788 perpendiculum

90 1788 172 1832 supet
190 1790 373 1821 horizontem
397 1791 500 1820 erectis
525 1800 557 1819 ex
581 1788 791 1832 triangulorum
819 1791 1032 1832 Sphaericotum
1058 1787 1163 1829 analysr
1184 1791 1242 1833 ipsc
1265 1791 1315 1822 de-

90 1833 272 1864 monstravit.
301 1833 407 1864 Eadem
428 1844 498 1875 pene
513 1832 652 1863 methodo
669 1844 731 1874 quae
757 1836 787 1864 &
807 1844 913 1875 quanta
931 1831 963 1863 sit
988 1831 1185 1875 Atmospherae
1210 1834 1316 1864 refrac.

90 1878 133 1905 tio
147 1878 176 1906 in
193 1879 292 1918 quavis
315 1876 464 1908 altitudine
484 1875 559 1906 Solis
575 1875 705 1918 dignosci
725 1875 801 1920 posse
821 1876 953 1908 ostendit.
976 1876 1263 1908 Demonstrationum
1277 1877 1315 1908 se‘

90 1921 163 1949 riem
185 1919 339 1950 exscribere
360 1919 479 1962 longum
499 1917 583 1955 effer,
608 1922 638 1950 δε
660 1919 695 1950 ab
712 1921 838 1951 instituto
856 1930 943 1962 opere
963 1919 1097 1951 alienum.

124 1965 162 1993 V.
187 1961 341 1993 Stellarum
362 1962 425 1993 loca
444 1965 528 1993 variis
544 1962 638 1994 modis
652 1964 758 1994 restitui
780 1960 860 2006 posse
875 1966 948 1994 inter
967 1975 1067 1993 omnes
1089 1966 1236 1994 convenit.
1253 1964 1316 1994 Pti-

92 2016 173 2036 mum
192 2005 211 2036 fi
231 2007 371 2037 sextantis
383 2018 437 2049 ope
455 2009 527 2037 inter
546 2005 615 2036 duas
634 2006 724 2037 stellas
738 2006 857 2038 illustres
873 2006 1001 2037 distantia
1016 2006 1138 2036 sumatur
1150 2031 1159 2044 ,
1179 2016 1238 2036 tum
1248 2006 1316 2037 alia-

93 2060 156 2080 rum
177 2048 319 2080 stellarum
336 2049 472 2080 distantiae
484 2048 520 2079 ab
539 2061 594 2080 una
610 2062 644 2080 ex
663 2053 695 2082 iis
712 2049 819 2082 duabus
842 2050 982 2094 prioribus
1003 2052 1162 2092 capiantur.
1189 2059 1214 2079 z.
1231 2051 1260 2080 Si
1273 2049 1316 2080 al-

93 2092 222 2135 titudinis
242 2093 405 2128 meridianoe
425 2096 455 2125 δε
479 2092 674 2126 ascensionum
699 2096 839 2127 metarum
858 2093 1026 2126 differentia:
1050 2092 1194 2124 sumantur
1206 2115 1215 2128 ,
1233 2092 1318 2136 idque

1118 2136 1139 2166 E
1157 2137 1176 2177 ij
