1638 2345
293 107 591 139 ACADEMIAE
656 109 945 143 HISTORIA.
981 112 1061 142 Ltn.
1088 115 1110 142 1.
1301 125 1330 146 υ

102 149 182 180 latim
199 149 268 181 fiant
281 152 457 181 incrementa
472 174 481 186 ,
502 162 564 194 quae
588 151 711 182 caudicis
723 174 731 187 ‚
754 163 801 182 aut
823 155 938 189 trunci,
957 164 1004 184 aut
1022 166 1168 185 ramorum
1187 155 1332 188 distinstio
1347 159 1432 187 Bom-

102 204 242 236 appateat.
265 194 361 236 Atque
386 197 445 235 ejus
463 197 574 236 generis
599 198 793 239 experimenta
807 198 910 226 variari
923 219 932 231 ‚
948 198 1041 228 iterari
1052 219 1062 233 ‚
1076 198 1197 239 expendi
1212 222 1221 234 ,
1245 201 1332 230 trans·
1347 203 1414 231 nica.

102 234 193 272 ferri,
215 235 351 280 applicari
366 235 478 280 possunt
494 260 502 273 ,
524 249 555 269 ut
577 238 718 278 judicium
740 237 789 269 fiat
809 238 959 280 quoddam
975 240 1152 276 universale,
1169 253 1335 285 autpropo-

102 277 167 309 sitio
182 279 323 322 generalis
343 284 372 312 &
391 280 538 316 constans,
561 292 597 312 ex
611 293 666 324 qua
684 281 775 312 rursus
795 293 870 313 nova
883 283 1023 325 prodeant
1037 287 1232 328 experimenta
1244 309 1254 320 ‚
1271 290 1335 328 qui-

103 320 156 352 bus
178 323 238 354 haec
263 323 399 355 naturalis
426 323 620 368 Philosophiae
646 336 709 368 pars
732 337 792 356 non
815 325 999 358 mediocriter
1026 331 1121 370 augeri
1142 331 1172 359 δε
1203 327 1336 361 illustrari

102 366 204 408 potest.

136 410 211 451 Qae
235 412 312 441 enim
333 411 464 442 auctores
485 413 581 454 magni
600 414 728 442 nominis
743 433 752 446 ,
777 411 845 443 curn
870 424 976 444 veteres
993 435 1002 447 ‚
1029 412 1090 443 tum
1109 418 1280 446 recentiores
1301 416 1337 448 de

103 449 210 493 plantis
235 451 369 496 scripsere
391 476 400 489 ‚
428 466 463 486 ex
485 456 518 484 iis
541 453 709 485 confirmari
734 453 848 497 possunt
873 467 920 487 aut
945 459 1035 498 rejici.
1069 458 1116 487 An
1141 458 1214 489 succi
1237 470 1264 489 v.
1293 470 1337 501 gr.

103 494 293 536 quarumdam
318 496 477 540 plantarum
492 519 502 533 ,
527 508 574 528 aut
600 497 668 528 sales
688 497 738 540 ipsi
758 496 773 528 ἐ
794 499 938 531 cineribus
958 501 1077 531 extraffi
1097 501 1209 532 casdem
1225 503 1338 546 profer-

103 548 134 567 re
150 536 278 580 possint,
299 551 334 570 an
353 551 433 571 tetra:
449 542 465 570 e
488 539 654 583 regionibus
673 539 774 572 dissitis
793 541 884 572 allam:
899 542 1000 573 iisdem
1026 544 1130 586 plantis
1153 547 1338 586 procreandis

104 578 158 610 fint
174 581 283 612 idoneae
304 606 313 619 ‚
338 595 371 613 an
398 583 531 626 quaedam
551 582 650 627 sponte
670 584 819 614 nascantur
842 585 857 615 e
882 597 956 616 tetra
970 585 1053 617 altius
1069 586 1200 619 defoss'a2

139 624 204 654 IV.
230 625 317 655 Circa
340 626 502 668 plantarum
519 629 708 657 nutritionem
730 626 803 657 illud
823 638 853 658 ut
881 628 1082 660 observatione
1106 634 1136 661 &
1166 635 1340 663 accuratiore

105 663 289 710 indagatione
310 668 430 711 dignum
450 669 598 712 proposuit
618 692 627 706 ,
652 680 747 701 utrum
770 669 799 700 id
823 682 977 702 commune
1000 671 1122 703 habeant
1139 685 1204 704 cum
1232 679 1340 706 anima-

107 708 180 740 lium
202 713 360 741 nutritione
384 715 413 744 &
429 724 605 755 augmento,
624 724 655 744 ut
672 724 736 756 pars
751 713 882 756 quaedam
902 714 933 746 fit
949 719 1090 759 praecipua
1103 739 1111 751 ,
1131 728 1193 759 qnae
1214 718 1281 748 alias
1298 731 1340 750 re-

105 763 153 794 gat
177 756 207 784 &
233 754 399 786 moderetur
414 778 423 791 ,
445 755 536 797 qualis
558 755 632 788 fott‘e
656 757 695 787 est
715 757 795 787 radix
815 757 893 800 ipsa,
912 770 975 801 quae
993 763 1084 802 prima
1110 759 1222 790 succum
1243 761 1340 793 eterra

107 795 244 838 exsugens
265 809 328 827 eum
344 810 422 841 parat
434 802 463 829 ὃς
487 802 586 841 coquit
600 822 608 835 ,
623 811 706 842 atque
724 803 753 830 in
772 799 901 843 plantam
914 803 1074 833 universam
1090 803 1243 835 distribuit.
1261 805 1339 836 Cum

107 849 202 869 autern
219 839 297 870 tadix
318 852 374 872 tam
394 854 482 885 parvo
499 846 637 886 temporis
659 843 748 886 spatio
773 844 885 874 succum
900 868 908 880 ,
929 857 960 876 ut
984 858 1034 888 par
1057 847 1113 882 cst,
1139 847 1262 889 dirigere
1281 860 1340 879 non

106 881 218 914 valeat:
245 887 255 923 (
273 895 340 914 nam
359 887 381 914 is
406 888 589 917 continenter
606 887 756 917 attrahitur
779 891 809 919 &
841 887 926 924 fluit,
954 900 1016 931 qua:
1041 891 1078 920 est
1100 893 1257 921 viventium
1275 903 1336 922 om-

107 927 190 956 nium
206 926 334 958 conditio
350 930 359 967 )
377 928 444 959 hinc
463 928 495 960 fit
508 951 516 964 ,
529 940 558 960 ut
575 932 702 972 repetitis
718 930 828 961 vicibus
841 930 924 962 illum
940 944 1129 975 praeparatum
1143 937 1172 964 δε
1190 933 1340 966 subactum

107 979 258 1010 oporteat3
280 972 358 1013 quod
383 971 491 1003 alendis
515 972 641 1014 partibus
666 973 795 1004 nondum
824 975 886 1004 satis
911 975 1030 1006 idoneus
1046 976 1082 1006 ad
1102 976 1226 1007 radicem
1252 978 1341 1020 ipsam

107 1014 229 1043 circuitu
244 1014 370 1055 quodam
393 1015 486 1046 redeat
499 1038 508 1050 ‚
526 1026 584 1054 quo
600 1015 807 1059 perfe&ionetn
829 1017 906 1048 suam
930 1018 1127 1061 consequatur.
1147 1023 1207 1062 Qi
1222 1016 1340 1062 quidem

108 1057 242 1086 circuitus
266 1055 402 1088 fibrarum
422 1070 476 1101 ope
501 1057 624 1089 efficitur
644 1074 650 1091 ι
679 1071 744 1089 nam
768 1059 842 1091 forte*
865 1063 903 1091 ita
926 1061 989 1092 sunt
1008 1074 1108 1104 aptatae
1128 1086 1135 1097 ‚
1160 1075 1189 1093 ut
1208 1065 1340 1106 quaedam

109 1095 182 1128 succi
206 1099 368 1130 alimentitii
390 1100 553 1136 ascensum,
577 1101 638 1132 ah'ae
654 1102 818 1133 descensum
838 1107 957 1145 juvent,
984 1116 1068 1146 atque
1092 1118 1125 1136 eo
1149 1106 1206 1137 fere
1224 1119 1341 1139 munere

108 1139 268 1184 funguntur
281 1165 290 1178 ,
307 1154 366 1186 quo
379 1144 500 1174 valvuiae
515 1147 543 1174 in
559 1148 639 1176 venis
651 1146 819 1176 animalium
842 1147 985 1189 sanguinis
1000 1148 1183 1180 circulationi
1205 1148 1340 1183 serviunt.

111 1185 179 1215 Hoc
199 1189 305 1228 quippe
322 1189 482 1218 viventium
504 1190 638 1219 omnium
660 1199 758 1219 natura
782 1189 926 1232 postulat,
952 1202 1014 1233 quae
1034 1203 1065 1222 ut
1086 1196 1255 1224 continuum
1278 1193 1343 1225 sub.

110 1227 216 1259 stantiae
228 1228 414 1271 dispendium
431 1230 581 1266 resarciat,
596 1235 731 1262 continua
744 1243 859 1275 quoque
876 1237 1082 1277 praeparatione
1102 1239 1131 1266 δε
1151 1238 1284 1267 coctione
1299 1241 1342 1268 in-

109 1269 201 1313 diget.
228 1270 282 1302 Illa
303 1276 380 1303 enim
404 1274 561 1317 deperditae
576 1274 734 1305 substantiae
757 1280 898 1319 reparatio
916 1279 1030 1308 succum
1047 1281 1137 1321 exigit
1161 1280 1214 1310 rite
1234 1292 1343 1324 praepa-

111 1324 217 1345 ratum.
248 1317 306 1346 Hic
326 1316 398 1347 vero
418 1318 510 1348 statim
532 1316 630 1360 perfici
652 1321 751 1361 nequit
773 1342 782 1354 ,
803 1319 881 1362 isque
908 1323 937 1350 in
963 1326 1080 1364 perenni
1102 1333 1184 1352 motu
1207 1324 1342 1355 versatur.

111 1357 193 1388 Nam
210 1358 342 1389 videmus
363 1360 472 1403 plantas
491 1359 598 1391 avulsas
617 1360 698 1392 brevi
713 1361 842 1394 exsiccari
859 1367 890 1394 &
913 1363 1065 1395 tabescere.
1094 1368 1192 1406 Qarc
1212 1366 1240 1396 id
1267 1367 1344 1398 vide-

113 1410 158 1430 tur
183 1401 365 1433 necessarium
381 1414 411 1434 ut
429 1403 463 1434 ad
485 1415 530 1434 eas
551 1415 641 1446 partes
661 1416 723 1447 quae
738 1405 803 1436 huic
827 1410 938 1437 muneri
963 1406 1139 1439 destinantur
1153 1431 1162 1443 ‚
1185 1408 1344 1441 identidem

112 1442 230 1479 redeat,
246 1445 322 1482 quast
339 1447 542 1489 recoquendus-
557 1450 664 1480 Utrum
677 1447 747 1479 vcit')
763 1460 804 1479 tes
819 1452 857 1479 ita
877 1448 904 1480 se
923 1449 1023 1481 habeat
1035 1473 1045 1486 ‚
1067 1463 1097 1482 ut
1115 1463 1150 1482 ex
1168 1450 1248 1482 fibris
1263 1453 1344 1496 plan-

113 1496 205 1518 tarum
216 1487 278 1519 alia:
295 1491 331 1519 ita
345 1488 397 1520 fint
412 1501 511 1532 aptati-
525 1513 534 1525 ,
545 1501 575 1521 ut
592 1490 688 1521 succus
704 1504 752 1534 per
769 1504 813 1522 eas
828 1493 959 1524 ascendat
972 1516 980 1528 ‚
999 1493 1059 1525 aliae
1075 1494 1187 1524 facilem
1204 1495 1270 1526 huic
1283 1496 1344 1527 suc-

113 1540 149 1559 co
164 1529 328 1562 descensum
346 1532 490 1576 praebeant
504 1556 512 1568 ,
532 1534 587 1564 hoc
611 1537 708 1577 utique
725 1546 759 1564 ex
778 1539 812 1566 iis
838 1535 941 1578 plantis
962 1547 1023 1578 quae
1044 1536 1175 1568 craffiore
1197 1539 1298 1575 succo,
1314 1551 1345 1571 ut

114 1570 188 1603 laste
208 1574 371 1611 donantur,
386 1579 492 1618 conjici
516 1579 630 1620 poterit.
656 1578 766 1608 Verum
782 1579 817 1609 de
836 1580 879 1610 his
896 1580 990 1623 postea
1012 1580 1117 1611 redibit
1141 1583 1252 1618 sermo;
1278 1594 1344 1613 nam

115 1618 268 1658 interjecto
290 1618 387 1660 aliquo
410 1631 541 1665 ternpore
559 1621 599 1652 D.
615 1622 754 1652 Matiotte
775 1624 824 1664 qui
845 1626 940 1665 paucis
952 1623 1013 1666 post
1028 1623 1170 1654 mensibus
1181 1627 1211 1654 in
1234 1626 1346 1657 Acade-

115 1662 204 1690 miam
226 1660 326 1692 ascitus
350 1663 411 1699 cst,
436 1663 494 1694 suas
517 1665 548 1694 in
569 1664 689 1694 eandem
713 1676 774 1696 rem
790 1668 970 1708 conjecturas
989 1670 1019 1698 δε
1043 1666 1256 1700 observationes
1279 1681 1347 1713 pro-

116 1702 219 1744 posuit.

143 1748 180 1776 V.
209 1746 268 1777 Sub
289 1746 364 1779 idem
385 1748 442 1781 fere
467 1761 578 1793 tempus
605 1751 646 1783 D.
670 1752 721 1782 Du
737 1750 809 1782 Cios
832 1756 880 1796 qui
905 1753 1028 1784 multum
1047 1765 1141 1797 opetae
1161 1758 1191 1785 ὅ(
1210 1758 1347 1797 temporis

117 1790 148 1818 in
169 1789 287 1820 Chimia
312 1791 465 1824 excolenda
482 1793 660 1836 impenderat
676 1795 765 1837 tquid
791 1798 821 1826 in
850 1808 884 1826 eo
906 1808 1007 1839 genere
1030 1796 1162 1828 laborum
1185 1797 1347 1828 faciendum

118 1831 268 1871 judicaret,
285 1833 368 1876 paulo
386 1835 473 1867 fufius
496 1835 636 1880 exposuit.
660 1837 737 1869 Illud
752 1850 815 1870 ante
837 1843 936 1871 omnia
954 1844 1122 1872 accuratiori
1139 1844 1262 1871 examini
1282 1840 1347 1870 sub-

118 1875 275 1915 jiciendum
291 1878 478 1915 existimabat,
492 1892 555 1922 quae
576 1879 629 1910 sint
639 1884 763 1922 genuina
776 1885 932 1913 mixtorum
946 1894 1101 1926 corporum
1113 1887 1262 1927 principia.
1284 1885 1345 1914 Du-

118 1917 188 1960 plici
208 1918 236 1949 id
252 1922 295 1950 via
315 1925 416 1953 tentari
432 1922 530 1966 posse,
552 1935 598 1954 aut
621 1927 747 1965 partium
765 1937 798 1956 ex
813 1925 916 1968 quibus
935 1930 1057 1958 mixtum
1077 1927 1201 1969 quodvis
1225 1938 1345 1969 compo-

119 1963 216 1996 nitur,
240 1963 416 2005 separatione
432 1988 440 2002 ‚
464 1977 510 1997 aur
532 1977 564 1996 ex
587 1967 651 2009 ipsis
672 1967 921 2000 observationibus
935 1981 998 2011 qua·
1016 1974 1090 2002 circa
1105 1974 1165 2009 ejus
1187 1974 1345 2011 generatio-

120 2014 187 2035 nfim
201 2027 210 2040 ›
235 2009 263 2036 δέ
280 2011 436 2051 precipuas
451 2009 617 2040 affictiones
640 2009 702 2041 ficri
722 2011 843 2054 poss'unt.
861 2013 995 2056 Negabat
1018 2014 1066 2045 ille
1080 2037 1087 2048 ‚
1103 2014 1246 2043 Cliirnicis
1272 2013 1345 2043 adeo

120 2049 222 2088 jactata
242 2051 399 2092 paincipia,
419 2052 502 2083 salem
515 2076 522 2087 ,
543 2052 678 2095 sulphur,
699 2058 727 2085 δέ
748 2057 927 2087 Mercurium
940 2069 974 2087 eo
998 2060 1115 2087 nomine
1139 2055 1240 2086 donari
1257 2055 1346 2097 posse,

119 2100 189 2123 cum
210 2094 239 2122 in
255 2091 308 2123 alia
332 2093 504 2139 simpliciora
519 2095 707 2129 resolvantur.
727 2098 823 2130 Multa
844 2103 875 2130 in
891 2100 1011 2132 candem
1031 2100 1198 2130 sententiam
1220 2099 1344 2141 adjecit,

1160 2144 1211 2184 1311·
