1638 2345
230 178 322 208 Anu.

230 224 316 257 1669.

340 135 379 171 84
619 132 802 168 REGIAE
846 131 1254 166 SCIENTiARUM

340 176 472 209 stiffimos
504 188 612 210 meatus
638 179 742 210 subeat.
769 178 838 220 jam
859 177 878 208 fi
901 176 973 208 liber
994 177 1060 207 huic
1085 187 1144 207 non
1172 187 1279 219 pateret
1303 175 1414 216 aditus,
1437 175 1560 209 summas

339 220 475 254 duntaxat
496 233 651 264 corporum
668 221 829 265 superficies
853 230 1012 264 premeret:
1030 219 1107 250 unde
1126 218 1230 262 globus
1244 222 1351 250 vitreus
1377 222 1452 251 intus
1477 232 1562 251 exca-

341 275 421 295 vatus
441 263 553 296 tantum
571 265 688 296 haberet
707 263 842 308 ponderis
857 286 865 299 ‚
883 262 1025 306 quantum
1043 261 1146 305 globus
1170 262 1285 293 solidus.
1305 263 1410 304 Neque
1427 262 1463 294 ad
1490 263 1564 294 libe·

340 318 405 338 rum
421 307 496 337 hunc
516 307 639 338 coelcstis
655 309 779 338 materia:
797 309 825 337 in
841 306 911 338 dura
929 317 1048 351 quaeque
1067 316 1186 348 corpora
1204 306 1348 336 incursum
1375 306 1449 336 visus
1469 307 1507 337 est
1519 317 1564 338 at-

340 349 455 381 tendere
473 349 616 382 Carrcsius
629 373 638 387 ,
656 361 723 381 cum
744 348 849 393 scripsit
874 348 994 380 occursu
1015 359 1094 380 terra:
1112 351 1259 379 materiam
1280 347 1425 379 caelestem
1450 348 1564 380 inhibe-

341 395 386 429 ri,
410 396 565 436 quominus
585 396 614 424 in
634 394 723 425 testas
744 391 833 423 lineas
854 403 967 423 morum
989 391 1049 422 sum
1071 394 1219 423 continuet
1238 405 1245 423 ε
1269 392 1346 422 unde
1365 391 1402 422 ab
1423 403 1456 422 ea
1471 402 1564 435 quan-

342 434 404 466 tum
430 436 517 479 potest
537 436 652 468 recedit.
683 437 724 467 At
745 434 764 466 st
788 446 861 467 tetra
877 435 970 466 obstet
994 435 1059 465 huic
1081 437 1206 465 materia:
1226 434 1346 466 coelestis
1367 437 1457 465 motui
1472 456 1480 469 ,
1499 445 1566 466 cor-

341 489 410 521 pora
429 490 548 522 quaeque
570 479 707 511 solidiora
731 490 790 510 non
812 477 972 521 penetrabit
987 499 996 512 ,
1021 487 1139 519 tumque
1162 477 1274 520 plumbi
1295 478 1358 508 vase
1374 476 1499 508 conclusi
1514 480 1566 508 rni-

342 531 444 552 nuetut
460 521 592 565 pondus,
608 533 692 566 atque
716 524 747 552 in
772 519 1009 565 profundioribus
1028 519 1135 552 fodinis
1153 520 1281 552 multum
1305 519 1340 552 de
1362 521 1471 552 metalli
1491 531 1567 564 pon·¹

341 562 407 594 dere
431 564 558 595 decedet.

386 609 485 638 xvu.
513 610 632 648 anta
652 605 685 638 sit
698 606 827 639 celeritas
838 609 961 638 materiae
979 606 1054 638 illius
1066 605 1161 638 fluidae
1175 616 1236 648 quae
1250 605 1413 637 descensum
1433 609 1566 649 gravium

342 648 430 681 efficit
445 673 454 685 ,
474 650 510 681 ad
533 649 674 681 calculum
698 661 812 682 revocat
838 653 882 681 vir
901 649 1003 680 clatiff.
1027 652 1057 680 δ(
1087 649 1174 689 quim
1195 650 1259 692 apte
1281 649 1476 692 phoenomena
1499 661 1568 681 cum

342 692 492 736 hypothesi
513 697 543 725 δε
567 692 678 723 calculo
697 696 870 724 conveniant
888 719 897 732 ,
924 691 1012 723 fusius
1030 691 1151 723 ediss'etit
1168 703 1177 726 ·,
1200 703 1250 723 cur
1270 693 1306 723 ad
1329 703 1459 723 centrum
1485 703 1566 724 terrai

342 739 470 767 nitantur
491 738 607 779 gravis,
628 747 678 767 cut
691 747 791 768 eorum
805 739 928 779 gravitas
946 734 1114 778 interpositu
1130 734 1253 766 aliorum
1272 746 1426 778 corporum
1439 746 1498 766 non
1510 740 1569 767 mi-

343 790 485 815 nuantur,
509 783 540 810 ἔ(
565 777 700 820 cujusque
720 781 848 823 corporis
868 790 960 822 partes
986 778 1022 809 ad
1045 777 1178 820 ponderis
1199 777 1282 821 ipsius
1299 781 1487 820 quanriaoem
1502 789 1576 813 conr

343 820 449 865 spirent
468 835 475 853 z
492 821 563 852 adeo
579 833 608 852 ut
631 825 708 863 juxta
721 825 844 865 partium
857 821 1072 853 multitudinem
1093 831 1227 863 augeatur
1248 821 1359 864 pondus
1375 833 1382 856 3
1397 824 1488 853 curin
1504 821 1569 853 des-

343 864 428 895 censu
445 877 559 897 motum
584 864 664 895 suum
684 864 839 897 accelerent
850 876 884 895 ex
904 868 1039 896 contiuua
1052 867 1175 894 materiae
1193 863 1288 895 fluida:
1301 863 1495 907 impressione,
1505 875 1568 907 qux

344 918 443 938 eorum
464 908 560 939 locum
584 906 707 939 affecht.
725 910 798 950 Qae
819 910 917 939 omnia
941 907 1103 950 longiorem
1124 908 1322 938 tractationem
1347 907 1489 949 postulant
1502 930 1511 942 ,
1536 911 1570 938 &c

343 951 464 982 minime
477 948 658 982 necessariam
673 963 680 983 :
699 963 763 982 cnm
781 953 826 982 vir
835 949 935 982 clariis.
957 961 1047 994 nuper
1060 948 1227 982 sententiam
1250 949 1326 985 suam
1341 948 1465 993 eleganti
1489 949 1571 988 diffe7

345 996 467 1024 tratione
492 998 521 1024 in
548 993 641 1024 lucem
662 993 738 1032 edita
752 994 922 1037 exposuerit.

378 1039 493 1068 XVIII.
520 1036 615 1073 Multa
631 1036 764 1067 adversus
784 1038 856 1068 hanc
867 1035 1033 1068 sententiam
1043 1035 1178 1080 opposuit
1199 1037 1240 1068 D.
1255 1036 1290 1067 de
1309 1034 1457 1067 Roberval
1471 1058 1482 1072 ,
1505 1047 1568 1078 quat

345 1077 511 1122 singillatim
522 1079 607 1110 diluit
622 1079 663 1110 D.
678 1080 813 1123 Hugenr,
825 1091 915 1111 unum
930 1084 998 1111 item
1013 1083 1043 1111 &
1063 1080 1185 1111 alterum
1206 1079 1360 1122 proferam.
1373 1079 1502 1110 Primum
1518 1091 1570 1110 ex-

346 1121 453 1165 plicatu
480 1121 598 1154 difficile
621 1122 754 1158 videtur,
776 1121 848 1166 quid
868 1125 897 1153 in
917 1122 997 1154 eausa
1013 1123 1046 1154 sit
1064 1134 1114 1154 cur
1130 1125 1248 1153 materia
1269 1120 1358 1153 fluida
1379 1132 1458 1153 cetto
1478 1122 1569 1166 spatio

347 1164 480 1196 conclusa
493 1188 502 1202 ,
522 1175 639 1207 quaeque
661 1164 784 1197 icentro
804 1165 900 1197 morsis
917 1167 1096 1197 continenter
1113 1165 1273 1200 recederet,
1289 1164 1304 1195 ὲ
1315 1166 1494 1206 circunjedtis
1505 1177 1570 1197 cot-

346 1207 464 1250 poribus
482 1208 596 1240 tandem
619 1207 735 1239 sistatur.
761 1210 835 1250 Qae
858 1207 919 1239 sunt
942 1208 991 1240 illa
1009 1219 1128 1251 corpora
1148 1218 1210 1249 quae
1234 1218 1344 1238 motum
1367 1211 1491 1239 materia:
1511 1211 1571 1240 im.·

347 1251 466 1292 pediunt
485 1277 493 1291 ‚
514 1263 559 1282 aut
584 1250 659 1283 ultra
679 1262 794 1294 pergere
808 1263 869 1282 eam
892 1250 1046 1295 prohibent
1066 1260 1074 1283 ξ
1095 1250 1195 1282 Craffa
1219 1249 1268 1281 illa
1290 1249 1344 1282 effe
1359 1262 1480 1292 corpora
1505 1263 1568 1296 qut·

346 1292 496 1330 fistuntur,
518 1293 622 1325 neceffe
640 1295 699 1325 cst:
727 1298 757 1326 ξε
777 1305 874 1326 tamen
895 1305 951 1327 tam
978 1293 1091 1330 subtilis
1115 1304 1282 1337 ponuntur,
1307 1305 1338 1325 ut
1361 1296 1461 1324 cuneta
1482 1305 1570 1336 pene-

348 1347 432 1368 trent.
457 1339 558 1369 Motus
580 1337 629 1368 ille
644 1339 673 1367 in
697 1339 785 1368 testas
810 1336 898 1368 lineas
920 1337 1029 1368 reflecti
1046 1336 1163 1368 deberet
1177 1336 1260 1368 instar
1278 1336 1405 1368 luminis.
1419 1337 1502 1379 Qd
1519 1337 1572 1370 de-

347 1391 428 1410 mum
447 1381 607 1424 superficies
632 1379 696 1411 illas
723 1380 870 1424 sphaericas
895 1381 1084 1412 determinat?

391 1425 446 1453 His
467 1424 589 1455 breviter
607 1421 750 1466 respondit
769 1425 808 1454 D.
835 1422 1148 1468 Hugens,corpuscula
1173 1426 1202 1454 in
1224 1423 1311 1467 spatio
1334 1424 1471 1467 sphaerico
1493 1435 1572 1456 mota

347 1465 382 1496 ab
401 1466 462 1497 aliis
483 1465 656 1510 corpusculis
674 1477 752 1497 extra
776 1466 847 1498 illud
869 1468 988 1510 spatium
1006 1466 1103 1510 pofitis
1125 1478 1160 1497 ne
1181 1466 1297 1498 ulterius
1319 1478 1457 1509 pergant,
1478 1470 1575 1510 impe-

346 1509 403 1539 diri
428 1523 434 1541 :
457 1521 515 1543 non
535 1510 616 1542 aliter
630 1509 687 1540 fere
702 1521 787 1552 quarn
803 1513 832 1541 in
846 1510 988 1552 stagnante
1008 1521 1078 1552 aqua
1093 1520 1194 1552 parvus
1212 1521 1312 1541 vortex
1333 1514 1362 1542 in
1384 1510 1411 1546 se
1424 1521 1573 1543 contortus

347 1551 382 1583 ab
397 1563 468 1596 aqua
481 1554 662 1592 circumjecta
679 1564 713 1583 ne
731 1553 848 1584 ulterius
868 1552 894 1583 se
912 1552 1054 1584 diffundat
1072 1551 1234 1583 cohibetur.

392 1597 419 1632 X
436 1598 447 1625 I
463 1598 502 1627 X.
537 1595 661 1627 Instabat
684 1597 725 1627 D.
739 1596 776 1627 de
793 1595 960 1632 Roberval,
983 1607 1018 1627 an
1043 1596 1118 1626 forte
1138 1607 1231 1631 morus
1254 1594 1297 1627 illi
1313 1595 1460 1627 circulares
1479 1606 1575 1628 mate&

348 1640 395 1668 riae
420 1637 515 1671 fluida:
536 1642 564 1669 in
584 1650 661 1675 certo
684 1637 775 1681 spatio
787 1638 925 1670 conclusa:
942 1664 950 1675 ,
970 1643 1043 1670 circa
1057 1639 1134 1669 idem
1149 1649 1276 1674 centrum
1290 1637 1472 1670 absolvantur
1491 1649 1500 1671 Ξ
1516 1640 1573 1671 Sed

349 1680 404 1711 hoc
422 1684 430 1711 i
456 1681 517 1713 sum
531 1682 567 1713 est
581 1680 659 1723 quod
671 1684 827 1723 quaerimus
841 1704 849 1717 ,
870 1693 999 1712 centrum
1021 1680 1096 1712 illius
1112 1692 1206 1712 motus
1219 1703 1228 1716 ‚
1245 1680 1323 1723 quod
1339 1693 1369 1712 ut
1382 1693 1487 1713 certum
1503 1683 1573 1715 sumi

348 1734 407 1753 non
425 1693 510 1756 d'ebet
524 1747 532 1761 ‚
558 1736 609 1755 nec
623 1723 768 1768 quaefitum
785 1736 836 1768 pro
853 1722 993 1755 concesso.
1016 1724 1106 1768 Qod
1119 1723 1139 1754 si
1153 1723 1262 1754 diversa
1283 1723 1335 1754 sint
1359 1735 1452 1755 centra
1466 1747 1474 1760 ‚
1499 1725 1574 1757 nihil

348 1769 399 1797 erit
422 1770 450 1798 in
491 1768 545 1798 hoc
568 1779 650 1798 m0tu
666 1766 820 1798 definitum
846 1790 856 1803 ,
877 1778 996 1811 qumque
1028 1766 1214 1810 impelluntur
1239 1778 1379 1809 corpora,
1403 1769 1431 1797 in
1450 1767 1574 1799 diversas

348 1820 441 1851 partes
460 1809 658 1842 distrahentur.
683 1812 765 1850 Qin
784 1813 868 1840 etiam
891 1821 955 1852 quae
976 1821 1065 1854 partes
1090 1813 1161 1840 inter
1187 1809 1212 1839 se
1233 1809 1409 1840 colliduntur
1424 1835 1432 1846 ,
1462 1822 1593 1843 motum·

350 1852 516 1885 circularem
544 1857 573 1885 in
602 1854 712 1892 rectum
734 1865 783 1896 per
805 1864 949 1896 tangentes
969 1851 1188 1892 commutabunt
1211 1855 1290 1894 juxta
1313 1852 1503 1885 reflexionum
1532 1866 1577 1885 re-

349 1895 441 1937 gulas,

393 1938 572 1982 Responsum
592 1939 629 1970 est
650 1949 707 1969 non
729 1944 815 1983 qumi-i
836 1950 963 1970 centrum
989 1962 998 1974 ,
1023 1938 1068 1974 sed
1097 1949 1147 1971 cur
1177 1938 1307 1981 qua-dam
1332 1951 1452 1982 corpora
1480 1939 1575 1972 versus

350 1992 479 2013 centrum
496 1984 630 2014 ferantur.
664 1983 729 2012 Hoc
746 1981 805 2024 ipso
820 1987 896 2012 enim
916 1982 993 2025 qnod
1015 1982 1133 2025 spatium
1157 1982 1321 2013 sniiaericum
1344 1986 1459 2024 ponitur
1472 2005 1480 2018 ,
1508 1994 1577 2013 cen·

352 2034 426 2054 trum
441 2024 585 2067 quoddam
604 2027 673 2067 poni
686 2025 791 2055 necell'c
806 2026 852 2057 est.
876 2025 966 2064 Qiod
983 2036 1075 2055 :intem
1090 1997 1232 2056 circularis
1251 2037 1344 2056 motus
1360 2029 1388 2057 in
1406 2028 1511 2056 tostum
1529 2038 1577 2068 pet

352 2065 438 2098 lineas
460 2079 605 2111 tangentes
624 2079 682 2097 non
701 2079 824 2098 mutetur
836 2090 845 2104 ‚
859 2068 887 2098 id
906 2072 934 2099 in
951 2067 1030 2098 causa
1043 2068 1079 2098 cst
1094 2069 1186 2111 ,qnod
1206 2069 1331 2110 partibus
1351 2070 1379 2098 in
1396 2068 1494 2098 orbem
1511 2080 1577 2098 mo·

353 2119 386 2141 115
407 2122 464 2144 non
487 2121 579 2154 patrat
595 2110 672 2141 locus
692 2121 750 2154 quo
771 2110 796 2150 sc
812 2114 947 2155 recipiant
976 2124 982 2142 :
1006 2109 1055 2142 nili
1074 2111 1146 2142 forte
1167 2113 1269 2144 codem
1291 2122 1418 2154 tempore
1433 2111 1492 2142 aliis
1511 2123 1577 2155 par-
