1638 2345
290 80 588 113 ACADEMIAE
613 80 899 112 HISTORIA.
932 83 1115 118 Limlv.
1242 99 1291 125 5οπ

107 127 135 156 V
146 126 188 155 11.
214 125 356 167 Qaedam
372 137 466 156 tamen
483 128 512 156 in
524 125 662 157 testudine
677 127 871 169 experimenta
883 125 1005 162 fecerat,
1018 138 1080 170 quae
1097 131 1246 160 contrariae
1260 111 1291 162 ὃς)
1310 134 1391 162 Ana-

62 165 151 211 vulgo
169 180 288 212 receptae
308 170 442 212 opinioni
460 168 594 200 videntur
615 166 771 212 suffragati.
790 167 919 199 Testudo
931 172 1009 201 enirn
1028 170 1135 203 sublata
1155 174 1291 214 pectorali
1305 180 1406 208 tamicae.

61 209 83 240 li
112 212 178 242 resta
192 233 202 248 ‚
234 223 297 255 quae
316 213 402 244 sterni
431 211 497 243 loco
526 213 564 243 est
585 233 597 248 ‚
631 211 724 243 adhuc
745 223 794 255 per
817 212 923 256 septem
947 212 1007 245 dies
1030 218 1118 246 vitam
1137 216 1290 257 produxit,

60 264 126 285 cum
148 259 226 286 canis
251 257 352 287 sterno
365 257 494 287 detraisto
508 255 601 287 statim
619 258 762 288 extinctus
785 255 869 287 fuerit
892 269 899 287 z
919 257 999 298 quod
1020 260 1049 288 in
1073 258 1209 290 testudine
1230 262 1292 292 san-

61 300 124 339 guis
150 311 199 343 per
218 311 328 342 apertos
350 303 378 330 in
400 299 486 330 corde
505 298 607 330 duetus
634 302 784 330 circuitum
805 299 888 331 suum
909 299 959 331 diu
988 304 1169 333 continuaret
1198 324 1209 338 ,
1233 315 1294 336 non

60 343 130 372 item
150 346 179 373 in
202 354 270 373 cane
284 365 292 378 ‚
312 346 357 374 cui
374 341 477 373 occlusi
495 343 559 373 sunt
575 344 605 373 hi
626 342 729 374 duetus
750 356 758 375 ι
783 354 888 385 magno
907 343 1027 385 quidem
1050 344 1159 376 indicio
1171 356 1224 377 nec
1237 347 1295 379 foe-

60 394 121 415 tum
141 388 206 417 ae're
226 386 372 428 indigere,
385 397 414 417 ut
437 385 579 428 sanguinis
600 388 734 418 circuitus
757 385 824 422 fiat,
840 387 918 429 quod
929 389 958 417 in
971 389 1057 419 corde
1074 388 1164 420 foetfis
1185 390 1297 433 sanguis

60 426 96 457 ab
118 440 175 459 uno
191 429 354 460 ventriculo
372 433 401 460 in
421 429 508 461 alium
530 429 606 462 recia
623 440 765 461 commeet
779 452 788 464 ,
819 440 871 462 nec
889 430 1074 474 respiratione
1092 431 1136 463 illi
1158 445 1228 475 opus
1251 435 1293 466 sit.

60 471 108 501 Sic
128 482 248 514 utraque
268 472 384 503 maxilla
407 476 483 504 arete
502 474 652 504 constricta
669 477 697 503 in
717 473 902 504 testudinibus
916 496 926 509 ,
949 486 1031 519 atque
1054 488 1102 506 ote
1126 479 1155 507 ὅ(
1178 477 1294 509 naribus

60 523 122 544 cera
141 515 332 558 obfignatoria
348 520 401 547 rite
420 515 539 548 occlusis
550 539 560 552 ‚
585 516 641 547 illae
655 516 843 548 nihilominus
855 518 926 547 citra
940 520 1132 562 respirationis
1147 519 1230 551 usum
1245 532 1294 563 per

59 567 96 594 30
119 561 148 589 δε
176 561 298 602 amplius
320 561 379 591 dies
400 563 491 592 vitam
510 571 681 603 protraxere.

103 603 213 633 V111.
248 604 306 634 His
322 608 419 645 utique
444 603 597 646 respondet
622 605 662 633 D.
680 605 757 634 Meri
773 606 803 634 in
823 606 905 635 Astis
924 604 1025 636 mensis
1046 607 1188 648 Augusti,
1208 606 1292 639 aliam

58 641 99 673 ob
121 647 263 676 tationem
282 646 433 678 testudines
447 646 553 678 diutius
573 649 669 678 vivere
690 650 762 677 citra
776 646 1013 690 respirationem,
1033 650 1111 692 quod
1133 652 1163 681 in
1184 652 1217 681 iis
1237 651 1293 683 alia

59 684 92 716 fit
110 688 203 719 cordis
221 690 358 721 structura
374 701 460 732 quam
477 693 506 722 in
523 690 652 721 homine.
678 691 759 721 Nam
777 701 827 721 cor
843 691 988 722 testudinis
1004 692 1108 735 triplici
1128 695 1293 726 ventriculo

59 728 204 771 donatur,
225 733 326 764 dextro
342 756 351 769 ‚
377 734 486 766 sinistro
503 758 512 772 ,
541 735 572 766 &
599 733 696 765 medio
711 732 838 775 quodam
862 738 935 766 inter
958 746 1110 778 utrumque
1132 739 1292 777 interjeero.

59 772 205 806 Dextrum
226 776 242 807 a
272 776 381 809 sinistro
411 779 520 820 sepium
544 776 691 820 quoddam
720 776 825 819 separat
852 777 1035 820 spongiosum
1052 804 1060 817 ,
1091 780 1186 810 versus
1205 780 1290 812 basim

59 818 151 848 cordis
175 819 305 863 amplum
324 821 362 851 est
377 820 506 852 foramen
530 832 599 862 pene
620 832 650 851 ut
667 823 696 850 in
720 820 847 852 humano
868 820 942 852 foem
955 847 963 857 ,
988 822 1035 852 sed
1051 825 1081 852 in
1099 823 1196 854 medio
1214 825 1292 856 aliud

60 861 97 890 est
117 861 247 893 foramen
265 875 315 906 pet
337 864 416 906 quod
437 863 523 894 ambo
544 863 574 893 hi
590 862 743 895 ventriculi
756 862 855 895 dexter
877 868 908 897 &
925 864 1036 896 medius
1058 867 1133 897 inter
1156 866 1182 896 se
1207 879 1293 898 com-

57 907 216 937 municant.
239 907 354 938 Medius
369 906 542 939 ventriculus
559 917 681 948 utroque
699 905 791 938 multo
807 907 846 937 est
865 909 1007 949 angustior
1019 934 1028 943 ,
1047 920 1099 939 nec
1114 908 1193 939 aliud
1206 911 1292 952 quid-

58 946 124 977 dam
143 949 256 981 videtur
278 947 332 981 esse
351 962 435 993 quam
458 949 549 981 dextri
568 952 766 984 continuatio,
788 949 860 980 adeo
881 961 911 981 ut
931 961 985 981 tres
1005 952 1048 981 his
1067 951 1140 982 sinus
1162 963 1213 994 pro
1234 965 1292 984 uno

58 995 89 1023 ὅ(
110 992 211 1023 eodem
236 992 362 1024 habendi
382 993 435 1025 fint
455 1016 465 1028 ‚
485 1004 575 1037 neque
597 1003 668 1023 unus
690 992 812 1023 seorsum
828 1004 874 1024 aut
905 992 1053 1036 separatim
1074 995 1109 1026 ab
1129 994 1193 1026 aliis
1212 1007 1293 1038 agere

57 1033 143 1077 poss'it
159 1048 165 1066 :
180 1037 258 1078 quod
273 1039 373 1079 utique
389 1049 423 1068 ex
438 1037 568 1069 vasorum
586 1034 772 1078 dispositione
786 1035 885 1079 liquet.

101 1079 182 1109 Nam
202 1082 233 1110 in
250 1079 311 1111 finu
331 1080 438 1112 sinistro
459 1079 537 1111 nulla
554 1079 591 1110 est
610 1083 711 1110 arteria
728 1090 790 1121 quae
814 1082 976 1121 languinem
994 1079 1011 1110 ὲ
1030 1092 1102 1112 vena
1117 1083 1291 1125 pulmonum

56 1131 208 1165 exceptum
233 1124 334 1155 referat
352 1146 362 1159 ,
395 1124 442 1155 sed
461 1122 569 1154 necesse
589 1123 625 1153 est
639 1133 668 1153 ut
690 1122 801 1166 sanguis
822 1125 871 1165 qui
892 1123 907 1154 ὲ
934 1135 1005 1154 vena
1024 1125 1197 1167 pulmonum
1211 1132 1238 1159 in
1255 1129 1290 1160 si-

56 1165 176 1197 nistrum
198 1165 291 1197 sinum
317 1167 458 1199 delabitur
478 1188 487 1202 ‚
520 1169 549 1197 in
577 1166 709 1197 dextrum
731 1166 922 1198 ventriculum
945 1167 1151 1200 transmittatur
1187 1185 1193 1203 :
1216 1171 1290 1204 finus

56 1209 243 1240 intermedius
253 1214 359 1241 atteriae
376 1211 549 1255 pulmonum
568 1209 673 1253 praebet
691 1213 831 1252 originem
845 1231 854 1245 ,
876 1221 906 1240 ac
921 1209 1031 1241 nullam
1048 1215 1154 1255 excipit
1174 1226 1288 1250 venam.

56 1252 80 1282 E
102 1251 164 1284 sinu
177 1253 277 1284 dextro
292 1265 387 1285 ortum
403 1254 481 1284 ducit
503 1255 613 1290 Aona,
637 1255 677 1283 uti
701 1255 732 1284 &
755 1256 855 1283 arteria
873 1256 946 1283 inter
967 1254 1139 1296 pulmonum
1157 1262 1290 1290 arteriam

57 1296 89 1325 δέ
115 1298 236 1328 Aortam
254 1296 473 1329 descendentem
491 1297 639 1337 interjecta
654 1317 664 1331 ‚
686 1306 749 1337 quae
772 1300 801 1326 in
824 1294 962 1326 testudine
976 1307 1043 1328 cum
1059 1299 1149 1330 Aona
1172 1300 1291 1332 descen-

56 1335 141 1370 dente
161 1351 219 1370 non
233 1344 416 1384 conjungitur
433 1339 484 1370 nisi
503 1343 582 1380 juxta
596 1337 789 1369 ventriculum
804 1360 814 1374 ,
833 1349 891 1368 non
905 1349 936 1369 ut
952 1341 982 1369 in
998 1339 1074 1372 foetu
1085 1353 1175 1386 prope
1192 1346 1289 1376 Aonae

55 1383 200 1423 originem
214 1397 221 1414 :
237 1382 312 1414 finus
331 1387 355 1415 is
372 1383 472 1414 dexter
497 1393 628 1413 truncum
641 1392 757 1424 quoque
776 1392 855 1412 venae
867 1392 942 1413 cavae
954 1385 1070 1426 excipit.

104 1427 168 1458 IX.
204 1428 303 1468 Qatc
323 1427 433 1458 medius
455 1424 627 1457 ventriculus
643 1436 754 1466 partem
772 1423 910 1456 duntaxat
935 1424 1077 1468 sanguinis
1093 1430 1122 1458 in
1138 1429 1289 1471 pulmones

54 1466 148 1500 defert
164 1492 174 1506 ,
192 1482 279 1513 quem
297 1469 402 1501 sinister
419 1472 448 1500 in
469 1468 602 1500 dextrum
623 1467 716 1499 sinum
737 1471 868 1503 revehit,
893 1479 927 1498 ex
947 1479 1006 1510 quo
1032 1473 1062 1499 in
1085 1476 1196 1504 arterias
1218 1486 1290 1517 pro-

55 1510 182 1554 pellitur.
209 1514 256 1544 Sic
272 1513 424 1545 ventriculi
438 1524 538 1543 omnes
558 1514 659 1549 junctis
677 1511 786 1543 viribus
802 1511 965 1553 sanguinem
981 1512 997 1542 ὲ
1017 1514 1177 1545 ventriculo
1189 1516 1290 1550 dextro

55 1555 230 1597 protrudunt
254 1579 263 1593 ‚
296 1569 329 1588 ac
357 1557 467 1600 sanguis
496 1559 525 1586 in
546 1556 614 1586 duas
635 1565 725 1598 partes
747 1554 895 1588 dividitur⁴
927 1555 994 1586 Pars
1011 1560 1069 1598 ejus
1092 1561 1230 1602 praecipua
1259 1564 1290 1592 in

56 1599 180 1630 Aortam
201 1603 231 1631 &
251 1603 283 1631 in
303 1604 436 1632 arteriam
451 1599 531 1631 illam
553 1610 615 1641 quae
636 1599 673 1628 est
685 1596 762 1630 velut
779 1598 883 1629 canalis
906 1603 1174 1632 communicationis
1195 1616 1203 1639 3
1226 1616 1288 1647 pars

56 1640 144 1673 altera
166 1647 196 1674 δε
219 1647 314 1674 minor
360 1643 513 1675 ulmonum
533 1644 705 1685 vegetationi
732 1644 761 1672 ὃ(
787 1644 936 1672 nutritioni
954 1641 1087 1674 destinata
1101 1645 1116 1676 ὲ
1137 1645 1239 1678 dextro
1259 1652 1290 1679 jn

57 1685 188 1717 medium
211 1657 402 1720 ventriculum
418 1687 484 1718 hinc
508 1689 536 1716 in
557 1685 707 1729 pulmones
727 1684 898 1720 deducitur,
921 1697 1019 1716 eorum
1043 1698 1144 1719 venam
1159 1689 1234 1722 subit
1256 1695 1288 1723 &

56 1730 88 1758 in
114 1728 253 1762 sinistrum
271 1730 362 1763 finum
382 1730 560 1765 effunditur,
590 1728 641 1761 ubi
662 1727 771 1758 nullam
797 1728 920 1759 offendit
942 1732 1083 1762 arteriam.
1116 1734 1213 1775 Qare
1240 1746 1290 1777 pet

54 1782 169 1814 apertos
184 1786 291 1806 meatus
313 1778 342 1806 in
360 1775 491 1807 dextrum
513 1771 604 1804 smum
622 1783 745 1803 remeare
764 1771 958 1815 compellitur.
983 1773 1053 1803 Non
1071 1777 1108 1805 ita
1125 1777 1163 1807 est
1185 1781 1213 1808 in
1236 1779 1289 1808 ho-

58 1818 135 1847 mine
157 1831 163 1848 :
186 1829 253 1848 nam
271 1819 379 1862 septum
397 1818 475 1863 quod
495 1816 566 1848 duos
587 1814 761 1847 ventriculos
777 1815 881 1859 separat
898 1838 906 1850 ‚
928 1814 1014 1847 nullis
1038 1820 1169 1860 pervium
1192 1822 1228 1851 cst
1243 1822 1288 1850 fo-

58 1860 215 1891 raminibus
240 1883 249 1896 ‚
279 1865 310 1892 &
333 1865 405 1894 inter
420 1859 594 1892 ventriculos
615 1858 726 1890 nullum
747 1859 784 1889 est
809 1863 1015 1891 commercium
1043 1872 1050 1895 3
1071 1865 1225 1904 unicuique
1243 1864 1288 1894 sua

58 1913 132 1933 vena
144 1929 152 1942 ,
175 1903 220 1935 sua
234 1904 333 1936 itidem
350 1906 388 1936 est
407 1908 508 1936 arteria
532 1915 540 1939 ·‚
563 1902 648 1933 ambo
666 1902 814 1946 separatim
830 1914 918 1944 agunt
933 1926 940 1938 ,
963 1908 994 1935 &
1019 1904 1127 1946 sanguis
1139 1917 1196 1936 non
1210 1906 1288 1938 idern

59 1945 156 1977 insistit
173 1950 236 1979 iter.
262 1951 294 1979 In
311 1949 448 1979 testudine
468 1959 523 1978 tres
546 1946 696 1977 ventriculi
712 1948 740 1976 in
762 1946 881 1977 eandem
910 1945 992 1977 simul
1011 1949 1154 1978 cretionem
1174 1949 1289 1992 conspi-

60 2001 123 2021 rant
136 2013 145 2026 ‚
164 2001 193 2020 ut
209 1991 372 2033 sanguinem
389 2003 421 2022 ex
436 2003 493 2022 uno
514 1994 543 2022 δέ
560 1990 663 2021 eodem
681 1989 843 2021 ventriculo
860 1988 1033 2033 exppellant.

104 2036 145 2064 X.
185 2035 300 2066 Deinde
325 2034 410 2078 longe
427 2037 519 2076 major
543 2034 581 2064 est
601 2037 630 2065 in
661 2033 779 2065 homine
802 2033 896 2064 habita
922 2036 1031 2065 tatione
1058 2038 1187 2078 corporis
1208 2039 1290 2079 copia

64 2075 205 2120 sanguinis
222 2078 310 2123 quim
332 2081 363 2112 in
382 2077 520 2113 testudine
531 2100 542 2117 ,
560 2081 602 2119 uti
625 2089 659 2110 ex
678 2077 810 2120 yasorum
832 2076 1017 2121 multitudine
1041 2080 1072 2108 &
1093 2079 1289 2120 magnitudine
