1638 2345
301 90 597 124 ACADEMIAE
632 89 937 121 HISTORIA.
970 90 1117 121 L1s.1.
1299 104 1333 124 21

102 134 223 165 sentiant
237 146 247 163 :
269 134 340 165 adeo
363 146 394 166 ut
419 135 498 178 quod
515 134 551 165 ab
567 146 623 165 una
648 144 780 178 coeptum
798 134 857 170 est,
877 133 913 164 ab
934 133 988 165 alia
1008 132 1108 177 perfici
1131 144 1224 175 queat.
1246 137 1307 167 Cor
1327 160 1335 171 ,

1357 130 1440 159 Ana-

101 189 130 208 v.
150 188 194 220 gr,
215 177 304 218 chylo
320 177 356 208 ab
374 178 436 210 aliis
462 182 576 221 organis
595 189 753 222 praeparato
775 177 901 209 formam
922 177 1066 220 sanguinis
1089 181 1252 220 imprimit3
1275 181 1321 211 san
1353 174 1452 203 '⁰⁷⁸5‘ss

234 219 241 229 x
620 225 624 229 .

100 224 162 263 guis
178 232 249 251 vero
270 225 319 263 qui
337 225 366 253 in
381 222 468 254 corde
482 226 564 253 unius
580 221 712 253 animalis
730 223 740 262 (
754 220 896 264 quidquid
915 220 947 252 fit
966 224 1001 252 de
1022 221 1147 264 exempli
1171 226 1288 254 veritate
1300 247 1307 258 ‚
1323 225 1332 262 )

100 264 260 296 confectus,
275 264 356 297 alteri
377 266 553 302 nutriendo,
570 269 650 308 cujus
672 269 701 296 &
719 265 798 296 calor
822 268 852 296 &
874 264 985 308 spiritus
1006 265 1069 296 sunt
1090 264 1259 302 dissimiles,
1279 272 1337 299 nii-

99 318 152 338 nus
166 312 217 340 erit
238 308 378 344 idoneus,
394 309 475 352 quod
501 308 612 341 diversa
633 308 718 353 plane
737 308 770 340 sit
794 309 941 351 utriusque
956 307 1111 352 dispositio.

131 353 220 383 VIII.
241 351 332 395 Qod
355 352 373 383 si
392 353 440 384 illa
459 356 627 397 praeparatio
649 356 678 384 in
698 356 821 396 partium
841 351 1045 384 insensibilium
1064 351 1294 396 configuratione
1309 358 1339 386 ὃς

98 405 246 426 meatuum
267 399 412 439 aptatione
426 396 551 428 consistit
571 419 581 433 ,
600 407 636 427 ne
658 395 737 427 illam
766 396 883 439 quidem
905 399 1118 440 coaptationem
1139 397 1342 440 particularum

99 440 132 468 &
156 450 295 481 pororum
309 440 430 471 eandem
456 444 485 472 in
512 439 626 472 duobus
646 439 840 471 animantibus
862 443 979 484 reperiri
999 440 1065 471 hinc
1086 440 1152 471 licet
1178 444 1344 483 conjicere,

97 480 180 522 quod
212 482 324 526 sanguis
357 488 442 515 unius
471 484 580 527 semper
606 483 769 526 coagulatus
812 487 942 526 apparuit
967 497 974 515 :
1005 495 1110 526 magno
1138 484 1258 526 quidem
1293 489 1347 516 in-

97 525 175 556 dicio
192 530 342 558 materiam
362 527 452 569 ipsam
466 538 532 558 cum
554 537 633 571 parte
653 530 684 558 in
699 537 754 568 qua
774 530 914 570 excipitur
928 550 937 562 ,
961 538 1020 556 non
1046 530 1223 563 convert-ire,
1251 539 1344 570 neque

98 568 175 599 hunc
198 568 253 600 effe
277 574 428 613 proprium
450 570 527 602 illius
542 570 658 608 locum,
675 581 742 600 cum
759 568 870 612 sanguis
883 569 916 601 fit
938 569 1098 611 ejusmodi,
1120 582 1151 601 ut
1173 582 1251 602 extra
1263 572 1344 605 suurn

97 610 196 642 locum
220 613 312 644 statim
338 616 522 649 concrescat,
546 624 594 644 aut
613 615 738 644 nativam
763 616 873 644 amittat
889 617 1014 656 partium
1034 625 1186 644 tcxmram.

134 655 226 694 Qod
251 667 346 687 autem
366 656 511 687 interdurn
526 656 647 688 evenisse
671 659 770 691 aiunt,
790 667 821 686 ut
835 656 941 687 animal
961 668 994 686 cx
1016 667 1074 698 qao
1096 654 1207 700 sanguis
1222 663 1343 691 atterio-

96 697 142 729 sus
160 701 189 729 in
206 709 310 730 venam
332 699 448 731 alterius
462 699 618 732 transfusus
641 700 677 730 est
694 721 703 734 ‚
725 702 940 742 extingueretur
957 726 965 736 ‚
987 711 1053 730 cum
1076 700 1132 730 hoc
1156 701 1253 732 sanum
1277 701 1344 734 esset

98 753 130 772 ac
153 753 288 784 vegetum
302 766 311 779 ‚
327 743 382 774 hoc
401 747 498 786 utique
512 747 595 775 unius
613 742 755 774 debilitati
769 768 777 782 ‚
802 747 831 774 δι
848 742 962 775 alterius
976 742 1076 775 robori
1092 743 1277 776 tribuendum
1293 747 1342 782 est;

98 796 130 816 ac
146 787 241 817 nescio
258 797 293 816 an
314 786 373 817 ulla
396 791 507 819 ratione
524 786 602 819 certi
622 787 748 818 constare
768 790 894 830 potuerit
909 798 1049 830 quantum
1065 786 1210 830 sanguinis
1230 801 1264 820 ex
1285 801 1344 821 uno

97 832 126 861 in
148 828 270 860 alterum
282 834 464 861 commearit.

133 874 147 902 1
161 875 201 905 X.
228 876 340 905 Verum
355 876 384 904 in
409 877 442 905 iis
461 873 607 916 longiores
627 872 724 905 sumus
749 872 837 916 quam
861 873 969 905 necesse
992 875 1030 905 est
1044 897 1053 910 ‚
1075 886 1140 906 curn
1160 875 1233 907 illud
1259 888 1342 910 com.

97 927 230 947 mentum
251 919 312 956 jam
338 920 412 948 inter
433 921 554 960 ineptias
568 921 733 956 evanuerit,
756 928 849 960 neque
868 929 901 948 cx
919 929 953 948 eo
969 922 1123 962 quicquam
1147 920 1182 950 ad
1206 924 1272 951 vitae
1287 922 1343 953 hu-

98 970 191 990 manae
205 959 287 991 usum
304 963 364 991 erui
382 959 475 1003 poffit.
501 963 534 991 Et
548 959 665 1003 quidem
687 964 808 992 memini
827 960 894 992 cum
918 973 994 1003 anno
1018 968 1101 999 1669.
1136 963 1264 995 Londini
1286 965 1342 996 una

99 1001 220 1035 effemus
239 1015 292 1047 ego
317 1008 347 1035 &
368 1005 409 1034 D.
438 1003 564 1035 Blondel
579 1026 588 1039 ,
609 1003 686 1035 forte
700 1007 826 1035 occurrit
849 1004 933 1036 nobis
950 1009 994 1036 vir
1010 1006 1125 1036 robusto
1151 1009 1181 1036 &
1204 1007 1342 1040 athletico

98 1057 240 1090 corpote,
258 1050 288 1078 in
317 1058 376 1089 quo
401 1057 508 1078 tentata
522 1046 612 1079 fuerat
638 1046 781 1089 sanguinis
801 1046 952 1078 transfusio
966 1071 975 1084 ,
997 1048 1016 1080 fi
1043 1048 1119 1080 forre
1143 1053 1204 1091 ejus
1222 1052 1343 1085 remedii

98 1092 128 1120 vi
154 1089 189 1120 ad
198 1088 340 1121 saniorem
362 1101 490 1121 mentem
499 1091 604 1125 rediret
616 1113 626 1126 ,
639 1093 655 1129 (
668 1090 743 1120 unde
762 1092 792 1120 &
813 1090 838 1121 sc
848 1102 1005 1132 martyrem
1023 1093 1121 1135 Regiae
1137 1093 1286 1126 Societatis
1299 1099 1344 1136 ja-

98 1132 216 1164 &itabat
229 1136 267 1173 3)
288 1133 335 1164 sed
354 1137 546 1176 nequicquam
574 1134 603 1167 id
622 1143 763 1164 tentatum
783 1133 841 1168 esi3
869 1146 960 1176 neque
981 1139 1058 1168 enim
1089 1135 1186 1166 minsis
1218 1138 1342 1170 insanie-

97 1175 147 1206 bat
163 1176 250 1218 quam
270 1188 375 1213 antea,
392 1181 422 1209 δε
447 1181 546 1210 omnia
567 1175 704 1210 omnibus
730 1176 900 1210 minabatur.
923 1179 1125 1220 Quamobrem
1140 1181 1263 1212 Senatus
1290 1183 1342 1213 Pa·

98 1218 218 1250 rifiensis
236 1225 386 1252 autoritate
403 1221 620 1264 prudentissime
641 1231 756 1250 cautum
781 1217 853 1259 fuit,
869 1233 904 1252 ne
929 1222 986 1253 hoc
1011 1223 1132 1254 remedii
1147 1234 1252 1266 genere
1276 1229 1342 1257 inu-

98 1261 181 1295 fitato
197 1266 228 1295 δε
253 1264 340 1308 plane
365 1264 461 1296 inutili
485 1266 637 1310 quisquam
657 1262 792 1306 deinceps
818 1276 953 1298 uteretur.

514 1392 547 1429 (ἶ
570 1391 606 1426 A
626 1392 652 1429 P
671 1394 711 1431 U
735 1392 770 1428 T
828 1393 845 1428 Ι
871 1396 918 1431 V.

369 1483 420 1514 De
447 1478 552 1527 Aquis
577 1478 784 1515 mineralibus
815 1480 850 1514 in
876 1479 1072 1529 universim.

101 1566 126 1596 1,
143 1568 203 1644 E
217 1564 329 1609 Xplosa
342 1568 438 1608 itaque
451 1563 595 1608 sanguinis
619 1565 809 1598 transfusione
828 1579 860 1598 ut
886 1565 981 1598 inutili
1002 1569 1033 1598 &
1050 1571 1135 1598 noxia
1148 1592 1157 1604 ,
1177 1568 1213 1599 ad
1229 1581 1260 1599 ea
1274 1580 1337 1612 qua·

219 1607 281 1640 sunt
298 1613 388 1652 magis
411 1620 445 1639 ex
468 1609 520 1639 usu
538 1612 604 1640 vita:
620 1610 753 1641 humanae
768 1611 795 1642 se
813 1613 956 1641 convertit
978 1611 1143 1642 Academia.
1170 1612 1266 1652 Hujus
1288 1624 1336 1655 ge.

101 1656 177 1684 neris
196 1653 260 1683 sunt
285 1652 377 1695 Aquae
400 1651 551 1683 minerales
573 1675 583 1688 ‚
612 1664 734 1695 quarum
756 1658 829 1686 vires
848 1657 1020 1696 experientia
1042 1658 1132 1697 magis
1152 1658 1184 1685 &
1202 1655 1336 1693 effectis,

101 1695 190 1738 quam
208 1695 368 1727 rationibus
389 1697 452 1726 sunt
477 1695 639 1740 exploratae.
655 1699 754 1738 Qare
775 1698 805 1729 id
824 1709 917 1742 opcrae
942 1702 1065 1740 pretium
1086 1701 1113 1729 se
1136 1698 1262 1729 fac'turos
1276 1705 1337 1732 exi-

101 1740 251 1771 stimarunt
267 1743 317 1783 qui
336 1743 364 1770 in
387 1738 512 1782 Physicis
539 1744 569 1772 &
586 1740 736 1781 Chyrnicis
750 1742 875 1774 studium
896 1740 976 1772 suum
992 1745 1022 1773 ὅ(
1041 1753 1158 1785 operam
1172 1742 1337 1785 ponebant,

99 1781 120 1813 fi
143 1783 233 1827 Aquae
254 1782 405 1815 minerales
424 1795 487 1827 quae
506 1782 606 1828 paffim
630 1787 661 1816 in
685 1785 780 1817 Gallia
807 1796 962 1817 occurrunt
989 1811 998 1825 ,
1023 1789 1190 1818 accuratiori
1211 1792 1337 1821 examini

102 1825 320 1867 subjicerentur,

133 1871 146 1899 1
160 1871 183 1901 Ι.
213 1871 258 1900 Ac
275 1874 400 1914 primum
412 1871 529 1914 quidem
545 1881 612 1902 cum
625 1872 761 1904 Therma:
782 1872 828 1904 seu
842 1871 939 1904 fontes
956 1872 1041 1904 calidi
1062 1877 1091 1904 in
1110 1872 1260 1905 Borbonio
1277 1883 1334 1903 tra—

102 1915 152 1943 ‹stu
178 1916 209 1945 &
226 1913 288 1945 aliis
306 1918 335 1945 in
356 1913 426 1946 locis
445 1914 529 1946 valde
549 1914 746 1952 celebrentur,
761 1928 793 1947 ac
816 1916 914 1948 multis
936 1916 1102 1948 medeantur
1123 1916 1255 1952 morbis,
1277 1920 1336 1958 pri-

100 1956 185 1988 mum
207 1956 356 2001 quaesitum
369 1956 422 1990 fuit
439 1970 503 2001 quae
519 1956 585 1990 esset
599 1958 679 1990 causa
695 1959 798 1992 caloris
812 1972 870 2004 quo
889 1971 968 2002 aqua:
987 1959 1043 1991 111ae
1060 1960 1182 1992 fervent.
1201 1959 1336 2033 Nc{abat

103 2001 147 2032 D.
165 2002 217 2031 Du
238 1999 330 2041 Clos,
342 2012 373 2032 ac
389 2002 493 2034 merito
506 2025 516 2039 ,
535 2013 566 2034 ut
587 2002 671 2034 nobis
690 2003 824 2040 videtur,
836 2002 961 2035 calorem
983 2002 1066 2035 illum
1082 2003 1118 2034 ab
1136 2007 1200 2046 igne
1224 2003 1253 2034 su
1278 2014 1334 2034 ter-

103 2055 190 2076 raneo
212 2043 364 2088 proficisci.
386 2049 445 2077 Vix
470 2050 548 2078 enim
570 2045 670 2078 tandiu
694 2046 868 2079 subterranei
890 2051 969 2090 ignes
994 2048 1146 2090 perstarent
1166 2057 1239 2080 terra
1262 2057 1334 2077 con-

103 2087 172 2120 clusi
189 2113 197 2125 ,
218 2087 268 2120 ubi
285 2087 380 2121 nullus
403 2089 461 2121 fere
476 2090 515 2121 est
537 2092 596 2123 a'e'ti
611 2090 690 2123 locus
703 2114 713 2128 ,
738 2095 768 2124 &
788 2095 863 2124 intra
886 2090 1078 2123 subterraneas
1091 2090 1188 2163 spgus
1210 2094 1333 2122 coerceri

1172 2145 1203 2174 Π]

1360 1595 1393 1623 A
1396 1605 1451 1635 qut

1351 1648 1441 1669 miner.
