1638 2345
177 159 268 192 Asu.

177 208 260 241 1667.

180 292 265 324 1668.

293 123 331 145 ιι
636 116 803 147 REGIAE
854 115 1255 150 SCIENTIARUM

292 167 350 186 non
375 154 510 201 possunt,
530 162 599 201 quin
614 159 716 202 seipsos
741 159 836 203 aliquo
858 160 966 191 indicio
988 159 1120 204 prodant.
1145 161 1216 193 Sunt
1231 159 1348 206 quidem
1375 160 1473 193 multis
1491 166 1520 194 in

293 198 364 231 locis
387 212 501 233 montes
527 203 675 238 ardentes,
699 202 744 234 sed
767 206 839 246 ignis
858 202 908 234 ille
925 215 982 234 non
1004 204 1043 234 est
1065 215 1237 247 perpetuus,
1261 216 1350 249 neque
1373 210 1401 237 in
1428 206 1522 238 Gallia

293 242 345 274 ulli
361 243 422 277 sunt
443 246 526 288 hujus
544 250 654 288 generis
677 257 811 282 montes,
825 245 934 278 rametfi
946 247 1164 290 quamplurimae
1187 249 1306 280 therma·
1325 260 1490 281 occurrunt.

327 289 362 318 11
376 290 397 321 1.
426 291 476 321 Nc
499 288 570 320 illud
588 289 705 331 quidem
720 291 894 321 concedebat
912 290 1089 322 thermarum
1107 290 1233 322 calorem
1248 304 1280 323 ex
1297 291 1434 324 bitumine
1446 315 1456 328 ‚
1469 292 1524 324 sul-

293 330 387 373 phure
399 354 408 367 ‚
430 344 476 363 aur
492 336 566 363 nitro
586 343 702 364 manare
713 356 722 369 ‚
734 345 799 364 ctun
815 333 875 364 haec
888 334 1035 365 mineralia
1052 334 1177 365 calorem
1195 347 1274 378 aqua:
1289 339 1453 379 imprimere
1466 348 1524 368 non

294 372 398 416 poffint
410 397 419 410 ,
434 374 485 407 niss
509 374 724 408 inflammentur
739 399 747 412 ‚
766 388 884 421 tumque
904 389 963 408 non
983 380 1109 408 minores
1120 378 1236 410 ederent
1253 380 1355 422 strages
1368 379 1455 424 quam
1465 379 1527 423 pul-

293 419 337 448 vis
362 418 462 459 Pyrius
479 419 608 450 accensus
634 424 663 450 in
686 420 832 452 cuniculis.
860 420 964 452 Multis
980 424 1009 452 in
1027 420 1097 452 locis
1116 421 1131 451 ὲ
1147 432 1220 453 terra
1242 434 1393 466 erumptmt
1414 423 1528 454 bitumi-

294 471 351 497 na,
381 461 428 493 sed
453 474 485 493 ea
500 473 552 494 nec
580 461 672 495 calida
700 463 783 505 sunt,
810 475 862 496 nec
886 467 988 496 vicinis
1011 463 1137 496 fontibus
1159 464 1285 497 calorem
1307 467 1400 499 ullum
1424 470 1526 510 imper-

293 514 377 536 nunt.

339 548 466 593 Sulphur
497 549 615 593 quidem
639 551 776 584 minerale
794 551 937 584 interdum
952 550 1084 583 multum
1107 551 1212 584 caloris
1227 556 1354 597 concipit
1367 557 1435 584 citra
1448 552 1528 585 flam-

295 603 373 623 msm
389 618 397 629 ,
415 605 447 625 ur
463 605 528 626 curn
544 606 622 638 aquae
643 596 728 639 regali
753 599 911 639 imponitur
924 618 934 632 ‚
950 606 1062 627 tantum
1079 594 1182 627 caloris
1199 607 1327 639 procreat
1341 618 1349 631 ‚
1367 607 1397 627 ut
1411 608 1458 627 vas
1469 607 1528 627 ma-

295 635 378 667 nibus
395 639 443 667 vix
463 641 637 670 contrectari
657 637 751 682 poffit.
774 642 857 671 Idem
879 642 1019 671 cernimus
1040 642 1068 670 in
1082 638 1183 670 mediis
1200 638 1368 681 quibusdam
1384 639 1531 671 minerali-

295 678 366 715 bus,
388 691 455 710 cum
475 684 504 712 in
525 692 597 724 aqua
610 680 679 713 forti
703 681 754 714 fibi
765 693 887 726 cognata
905 682 1099 714 exsolvuntur.
1116 681 1172 713 Sed
1185 693 1280 713 ursum
1296 681 1439 723 ejusmodi
1451 694 1465 713 a
1487 693 1529 714 uae

297 722 403 766 Stygia:
420 722 473 754 sint
496 728 524 755 in
538 736 618 756 terra:
627 724 782 758 visceribus
795 748 804 762 ‚
817 725 902 757 valde
918 725 1089 769 ambigimus
1101 736 1152 756 nec
1164 725 1320 757 thermaein
1330 725 1384 757 suis
1398 695 1530 757 fontibus

296 775 362 797 eam
384 777 441 809 prae
459 767 485 798 se
505 766 600 800 ferunt
621 773 822 801 acrimoniam.
849 771 931 810 Qin
950 772 1036 800 etiam
1062 780 1142 812 aquae
1164 768 1299 812 fimplicis
1318 768 1451 801 admistio
1469 773 1529 801 vim

298 807 378 840 illam
398 809 600 843 dissolventem
622 811 704 843 simul
723 816 754 844 &
769 812 894 843 calorem
914 811 1072 856 plurimum
1089 817 1238 844 minueret.

326 854 391 885 IV.
418 855 521 897 Neque
535 855 564 886 id
590 867 725 899 negamus
739 855 870 899 quaedam
897 854 951 887 effe
969 867 1089 900 corpora
1111 867 1174 898 quae
1191 858 1267 887 tactu
1287 854 1379 886 calida
1395 867 1531 900 apparent

297 899 366 927 citra
390 896 482 929 ullum
510 899 683 931 incendium.
710 898 857 942 Qasdam
880 910 1089 931 commemorat
1111 899 1246 942 Agricola
1262 898 1418 930 metallicas
1433 911 1530 937 venas,

298 950 361 981 quae
379 951 444 972 cum
467 941 520 972 sint
535 941 645 984 frigidae
667 969 675 980 ‚
698 953 793 974 tamen
813 946 872 974 a'e'ti
886 941 1019 987 exposita:
1035 942 1226 977 incalescunt3
1242 954 1342 973 verum
1360 953 1437 985 aquae
1453 944 1531 974 ther-

299 994 411 1014 marum
429 987 458 1015 in
471 994 552 1015 terra:
570 984 630 1017 finu
651 997 804 1028 antequam
826 989 886 1018 a'e'ri
912 997 1007 1031 pateat
1026 986 1120 1017 aditus
1132 1008 1142 1022 ,
1164 989 1222 1028 jam
1242 985 1342 1018 calida:
1355 986 1532 1029 sunt,atque

298 1025 347 1057 ubi
366 1038 400 1057 ex
422 1026 500 1059 fonte
522 1031 670 1065 exierunt,
691 1030 785 1060 calore
808 1029 857 1061 suo
880 1033 910 1061 in
931 1040 1044 1073 patente
1062 1031 1128 1060 aere
1152 1040 1301 1060 exuuntur.

336 1072 373 1100 V.
398 1070 464 1101 Alia
481 1071 600 1114 quidem
623 1072 685 1104 sunt
703 1084 824 1116 corpora
838 1095 848 1109 ‚
871 1084 934 1115 qua:
954 1084 1033 1115 aquae
1050 1075 1210 1104 interventu
1231 1072 1343 1112 calent,
1363 1083 1394 1104 ut
1413 1072 1475 1105 calx
1491 1077 1532 1105 vi-

300 1123 336 1143 va
351 1135 360 1148 ‚
382 1113 511 1155 chalybis
530 1114 662 1147 limatura
678 1139 687 1151 ‚
711 1117 851 1147 stannum
869 1128 971 1158 purum
992 1127 1058 1146 cum
1077 1115 1227 1147 sublimato
1245 1120 1387 1147 mercurio
1408 1119 1436 1147 in
1461 1129 1532 1160 aqua

300 1156 464 1199 permistum
475 1161 635 1190 communi.
645 1160 692 1190 Sic
703 1162 732 1190 &
742 1158 839 1190 oleum
848 1159 955 1190 vitrioli
968 1161 1013 1190 cui
1023 1169 1093 1200 aqua
1105 1158 1272 1195 affunditur,
1282 1159 1405 1190 multum
1415 1160 1533 1191 incales-

299 1202 354 1230 cit:
367 1200 413 1231 sed
430 1200 514 1242 hujus
527 1205 636 1233 orneris
651 1213 770 1246 corpora
786 1206 903 1233 interra:
917 1201 1018 1233 abditis
1034 1214 1092 1233 uon
1103 1212 1264 1233 occurrunt.
1281 1205 1316 1234 Er
1336 1202 1451 1245 quidem
1468 1215 1535 1236 tum

301 1244 480 1275 thermarum
498 1228 575 1276 calor
594 1249 651 1287 jam
679 1245 695 1275 ὲ
728 1244 825 1277 multis
847 1256 924 1276 retro
946 1244 1051 1277 saeculis
1070 1245 1198 1276 constans
1225 1249 1254 1277 ὅ(
1275 1247 1352 1278 idem
1371 1258 1535 1290 permaneat

303 1298 336 1316 ex
351 1291 467 1331 perenni
480 1289 580 1324 causa,
599 1299 784 1332 quaecumque
803 1288 850 1320 illa
873 1287 905 1320 fit
917 1315 925 1328 ,
945 1293 1067 1320 omnino
1087 1288 1232 1325 dimanat,
1251 1301 1339 1333 eaque
1353 1293 1381 1321 in
1402 1295 1535 1333 corpori-

305 1330 356 1360 bus
372 1330 490 1361 incensis
511 1335 627 1375 reperiri
642 1336 762 1374 nequit,
787 1332 855 1363 cum
880 1336 943 1375 igne
964 1333 1024 1363 cito
1040 1331 1240 1372 absumantur,
1271 1335 1319 1365 sed
1341 1344 1433 1375 neque
1454 1338 1482 1365 in
1499 1338 1534 1366 iis

305 1374 388 1405 rebus
410 1375 479 1405 inest
491 1397 500 1410 ‚
520 1385 583 1417 quae
608 1386 704 1406 mutua
720 1379 748 1407 in
764 1375 790 1406 se
811 1379 937 1407 invicem
957 1378 1069 1407 afflone
1086 1376 1176 1408 retusa
1189 1380 1366 1408 continenter
1384 1381 1535 1408 immutan-

307 1427 350 1447 tur
363 1442 371 1455 ,
384 1428 504 1459 quatum
524 1418 596 1449 adeo
617 1422 692 1450 vires
713 1418 822 1450 eaedcm
847 1423 878 1451 δε
903 1423 1042 1450 continuat·
1067 1419 1122 1451 effe
1146 1431 1205 1450 non
1229 1417 1351 1463 possunt.
1372 1420 1464 1451 Causa
1484 1424 1534 1464 igi-

307 1470 353 1490 tur
367 1465 496 1502 perennis
514 1460 593 1492 ‘illius
614 1461 718 1493 caloris
741 1474 798 1494 non
820 1461 888 1494 alibi
903 1461 993 1506 posita
1021 1462 1149 1498 videtur,
1167 1462 1255 1507 quam
1275 1467 1303 1495 in
1319 1462 1406 1495 fumis
1425 1475 1471 1495 aut
1483 1475 1537 1495 va-

307 1503 423 1547 poribus
437 1508 529 1547 quiin
550 1504 784 1548 profimdioribus
802 1517 883 1537 terra:
906 1510 993 1537 antris
1018 1507 1081 1538 sunt
1099 1506 1207 1550 copiosi
1219 1529 1228 1542 ,
1253 1518 1283 1537 ur
1307 1511 1326 1538 ii
1343 1510 1536 1550 experiuntur,

309 1550 356 1588 qui
373 1551 401 1577 in
423 1545 529 1579 fodinis
555 1549 712 1591 Hungarizc
737 1548 854 1580 metalla
873 1548 1026 1581 effodiunt.
1046 1552 1119 1592 Qae
1137 1554 1248 1592 rupium
1262 1561 1397 1582 cavernas
1414 1553 1535 1582 &terrae

309 1600 416 1621 meatus
436 1590 565 1631 pervadit
590 1603 660 1634 aqua
676 1595 709 1623 iis
731 1593 882 1636 vaporibus
903 1592 993 1628 foeta,
1012 1602 1077 1624 eum
1094 1592 1219 1624 calorem
1245 1597 1356 1625 retinet.

341 1635 367 1663 V
378 1636 402 1664 1.
427 1635 505 1665 Rem
521 1638 559 1665 ita
582 1635 636 1665 effe
651 1634 750 1666 multis
775 1635 928 1667 rationibus
953 1636 1104 1671 suadebam
1124 1635 1252 1680 primum
1267 1641 1343 1667 cuim
1360 1639 1535 1669 thermarum

308 1688 377 1721 aqua
398 1680 458 1719 igni
481 1677 598 1709 admota
622 1691 682 1709 non
713 1678 796 1710 citius
819 1678 942 1715 ebullit,
959 1679 1047 1722 quam
1071 1690 1143 1722 aqua
1167 1684 1328 1711 communis
1351 1685 1381 1711 ἅ
1411 1680 1512 1723 frigida
1527 1703 1536 1718 ,

308 1719 388 1764 quod
411 1720 488 1752 calor
511 1721 559 1752 illc
583 1733 667 1763 quem
684 1725 711 1753 in
734 1733 813 1753 terrm
834 1721 935 1753 abditis
957 1727 1087 1767 concepit
1109 1734 1180 1765 aqua
1196 1746 1204 1758 ,
1225 1735 1282 1753 non
1301 1724 1336 1754 ab
1350 1727 1414 1766 igne
1429 1724 1537 1755 subter-

307 1773 437 1794 terranco
452 1787 461 1800 ‚
482 1764 529 1795 sed
548 1764 563 1794 a
578 1766 717 1807 permistis
743 1769 850 1797 oriatur
872 1767 1024 1809 vaporibus
1045 1770 1094 1808 qui
1117 1769 1189 1808 ignis
1209 1769 1238 1796 vi
1262 1766 1353 1797 statim
1377 1766 1537 1799 difflantur.

307 1808 442 1849 Liquoris
461 1809 606 1851 particulae
624 1821 681 1852 quo
705 1808 766 1840 sunt
788 1809 956 1840 mobiliores
971 1832 981 1845 ‚
1009 1810 1065 1840 hoc
1086 1808 1171 1840 citius
1196 1808 1345 1842 ebulliunt.
1369 1812 1415 1841 Sic
1440 1810 1538 1842 oleum

306 1853 389 1881 citius
412 1861 497 1892 quam
513 1850 574 1886 lac,
601 1851 729 1895 spiritum
746 1856 805 1883 vini
826 1851 934 1884 facilius
954 1863 1040 1895 quam
1055 1855 1114 1894 ejus
1137 1851 1271 1896 phlegma
1288 1875 1297 1888 ‚
1322 1857 1352 1884 &
1371 1865 1455 1896 aquas
1475 1853 1539 1885 sali-

308 1893 358 1925 bus
377 1894 549 1925 terrestribus
565 1899 762 1938 impraegnatas
777 1896 881 1927 tardius
899 1907 984 1938 quam
1022 1907 1085 1927 uras
1098 1895 1218 1927 ebullire
1231 1900 1382 1929 cernimus.
1398 1899 1444 1928 Sic
1459 1909 1473 1928 a
1496 1909 1538 1928 uae

308 1936 459 1969 mineralcs
474 1937 576 1969 salibus
600 1931 715 1970 terrenis
731 1937 808 1971 foeta:
821 1965 830 1978 ,
845 1950 964 1981 quaeque
981 1910 1021 1971 ob
1040 1951 1179 1983 vaporum
1201 1939 1400 1970 admistionem
1419 1908 1540 1972 incacles-

307 1991 374 2012 cunt
390 2006 398 2019 ,
415 1992 474 2011 non
495 1984 577 2012 citius
592 1981 779 2013 effervescunt
797 1986 869 2025 ignis
884 1983 978 2013 calore
999 1995 1085 2027 quam
1103 1995 1174 2027 aqua
1189 1995 1258 2026 pura
1277 1987 1306 2015 δε
1322 1982 1424 2027 frigida
1437 2009 1447 2023 ,
1459 1983 1539 2026 quod

307 2036 406 2055 earum
429 2034 522 2067 partes
544 2037 602 2056 non
626 2026 704 2069 :eque
723 2025 774 2056 sint
798 2025 833 2056 ad
849 2037 960 2057 motum
981 2026 1129 2070 expeditzt.

339 2068 416 2097 R‹m
438 2072 474 2098 ita
491 2067 564 2105 effe,
591 2073 622 2100 &
644 2072 819 2100 thermarum
841 2070 965 2101 calorem
984 2081 1017 2101 ex
1036 2081 1174 2113 vaporum
1194 2071 1375 2114 permistione
1396 2069 1460 2101 duci
1476 2070 1539 2100 aliis

306 2122 419 2154 quoque
441 2111 552 2143 indiciis
573 2112 681 2145 suaderi
707 2114 806 2156 potcst-
838 2114 918 2146 Nam
939 2117 969 2146 δε
992 2113 1118 2158 linguam
1141 2126 1199 2146 non
1223 2114 1259 2147 fic
1285 2115 1431 2151 adurunt,
1456 2124 1538 2158 atque
