1638 2345
284 114 581 148 ACADEMIAE
617 113 931 145 HISTORIA·
969 115 1048 145 an.
1081 116 1104 144 1.
1290 126 1321 150 19

97 158 273 198 MarcasiriS,
295 172 342 192 aut
362 157 509 200 utriusque
524 161 692 199 temperatio
709 156 868 201 plurimum
883 156 998 188 forsitan
1021 155 1055 187 ad
1070 167 1132 187 eam
1151 157 1327 199 coagulatio-

96 216 167 236 nem
191 200 355 235 conferunt.
372 201 484 233 Verum
505 201 642 233 hocloco
658 212 718 232 non
739 211 797 232 ram
819 203 942 232 rationes
961 200 1032 245 ipsas
1051 211 1140 243 quam
1165 199 1238 230 facta
1257 212 1326 244 per-

97 247 253 290 sequimur.

466 374 498 410 C
537 373 572 409 A
604 372 631 408 P
660 373 693 407 U
732 371 767 407 T
840 372 856 407 Ι
884 372 900 407 I
935 373 964 410 Ι.

315 467 363 498 De
382 458 571 512 quibu-stiam
596 457 879 508 obſsrvationibus
905 462 1113 499 Anatomicis.

100 550 126 580 1.
153 548 297 626 CUm
332 551 365 579 iis
395 547 573 592 temporibus
601 557 711 577 novum
740 545 776 576 de
805 546 992 579 transfusione
1025 547 1167 590 sanguinis
1182 557 1333 578 commen·
1350 553 1445 582 Ana-

234 603 296 624 tum
316 592 503 623 Eruditorum
524 593 639 632 ingenia
667 600 809 620 exerceret
827 616 835 627 ‚
859 602 890 620 ac
923 590 1042 622 subinde
1076 592 1170 633 plures
1192 593 1247 621 viri
1276 601 1335 620 non
1350 597 1446 626 tomica

99 635 214 666 indoffl
230 638 259 665 in
278 647 340 666 earn
362 635 441 678 spem
463 632 621 668 venissent,
639 631 700 662 fore
715 643 745 662 ut
760 643 818 663 non
837 633 963 674 Physicae
976 634 1068 664 modo
1081 635 1174 665 lucem
1193 634 1337 675 aliquam,

98 677 148 708 sed
160 682 191 710 δε
203 678 341 710 medendi
352 681 404 710 arti
419 688 555 720 magnam
569 674 682 707 afferret
695 675 859 711 utilitatem,
872 676 978 719 placuit
988 678 1151 709 Academiae
1160 677 1232 709 illud
1244 678 1337 721 ipsum

100 721 314 765 qualecumque
333 721 400 753 effer
413 744 423 757 ‚
448 731 580 752 accurato
608 721 736 750 examini
756 718 902 762 subjicere.
928 723 1027 763 ltaque
1049 721 1096 752 die
1116 733 1160 752 22.
1185 721 1337 756 Ianuarii,

99 775 163 796 tum
181 764 245 797 aliis
256 765 494 807 consequentibus
518 762 591 794 fasta
617 763 655 794 est
675 774 709 793 ex
725 765 808 794 unius
837 766 915 794 canis
931 767 1032 795 arteria
1044 767 1171 796 carmide
1192 768 1220 795 in
1233 775 1338 795 venam

100 808 260 851 iugularem
273 808 387 840 alterius
405 805 557 839 transfusio
572 806 729 849 sanguinis.
747 807 826 838 Cum
844 818 940 838 autem
965 807 1082 839 uberior
1105 819 1139 838 ex
1158 810 1261 839 arteria
1273 807 1338 838 san-

101 855 168 894 guis
186 855 216 883 in
231 863 335 884 venam
359 863 506 891 manaret,
528 850 610 881 brevi
629 851 771 881 extinctus
787 848 842 882 fuit
864 854 914 893 qui
934 850 1101 894 sanguinem
1118 863 1274 895 exceperat.
1304 855 1338 883 In

102 894 166 926 aliis
187 900 281 939 major
295 896 334 927 est
351 895 480 927 adhibita
490 897 602 933 cautio,
615 904 646 924 ut
659 896 756 924 minor
770 893 913 937 sanguinis
927 897 1070 936 quantitas
1087 894 1231 926 efflueret:
1247 905 1339 936 neque

103 939 176 970 adeo
195 940 310 971 uberior
334 941 445 982 sanguis
465 949 590 969 mortem
612 935 707 968 attulit
724 940 787 967 cani
802 939 832 967 in
847 949 934 979 quem
957 941 980 968 is
1000 937 1174 969 transmissus
1196 938 1249 969 fuit
1263 961 1272 973 ,
1291 939 1338 969 sed

104 982 268 1025 coagulatus
280 994 376 1014 tamen
387 985 518 1026 apparuit
532 1004 542 1017 ,
561 992 593 1012 ac
610 978 730 1012 subinde
751 979 876 1012 multum
900 981 953 1012 suit
964 980 1128 1013 debilitatus
1152 985 1182 1014 δέ
1203 982 1338 1024 dejectus,

105 1037 173 1057 cum
189 1025 261 1058 alter
279 1027 346 1058 ess‘et
370 1030 508 1069 vegetior.

151 1069 256 1102 Mense
280 1073 389 1102 Martio
413 1068 450 1100 sic
469 1071 586 1113 repetita
608 1068 647 1100 est
666 1066 837 1107 transfufio,
854 1080 885 1099 ut
906 1079 1016 1099 tantum
1041 1068 1182 1112 sanguinis
1204 1081 1236 1100 ex
1256 1072 1338 1100 unius

105 1123 179 1145 vena
198 1113 362 1145 educeretur
374 1136 383 1149 ,
402 1124 541 1155 quantum
562 1113 599 1144 ab
623 1112 738 1143 alterius
754 1114 854 1142 arteria
878 1110 1027 1147 efflueret,
1044 1112 1130 1154 idque
1144 1112 1264 1143 bilancis
1285 1125 1339 1156 ope

107 1157 162 1187 fuit
177 1156 369 1199 exploratum.
396 1159 475 1188 Tum
494 1156 548 1187 alia
568 1157 606 1187 est
618 1158 775 1198 excogitata
795 1157 866 1185 tatio
880 1177 889 1190 ,
906 1165 961 1197 qua
981 1154 1106 1198 duplicis
1130 1156 1266 1198 syphonis
1289 1156 1339 1187 be-

107 1198 215 1230 neficio
237 1201 347 1244 sanguis
369 1212 402 1230 ex
426 1201 509 1231 unius
526 1198 628 1231 crurali
653 1201 753 1229 arteria
771 1201 800 1229 in
824 1209 926 1228 venam
945 1198 1057 1229 alterius
1080 1200 1219 1230 cruralem
1233 1222 1241 1234 ,
1256 1211 1286 1230 ac
1305 1199 1339 1230 si·

106 1243 169 1274 mul
192 1255 224 1274 ex
246 1245 329 1286 hujus
349 1255 421 1275 vena
445 1243 568 1286 jugulari
589 1246 618 1274 in
637 1241 794 1273 carotidem
816 1241 930 1272 alterius
951 1253 1134 1274 commearet.
1156 1242 1267 1274 Verum
1284 1243 1340 1274 hoc

106 1287 200 1330 ipsum
221 1290 385 1319 executioni
410 1288 573 1318 mandatum
590 1297 648 1317 non
669 1284 731 1316 fuit.

141 1332 187 1361 11.
217 1331 259 1362 D.
281 1330 409 1363 Perrault
431 1330 566 1373 peculiari
582 1327 773 1361 dissertatione
789 1328 912 1361 ostendit
927 1328 1016 1373 quam
1030 1329 1139 1370 inutilis
1150 1353 1159 1366 ,
1174 1332 1234 1361 imo
1253 1329 1341 1374 quam

108 1372 229 1404 exitiosa
254 1374 320 1406 effet
345 1374 394 1405 illa
414 1374 557 1417 sanguinis
574 1384 672 1404 mutua
691 1371 884 1406 transmiffi03
907 1373 1036 1416 primuni
1056 1376 1132 1404 enim
1154 1385 1276 1418 praeceps
1291 1374 1341 1405 ille

110 1420 142 1447 ὅ(
158 1417 263 1448 subitus
286 1418 428 1461 sanguinis
451 1429 482 1448 ac
499 1420 647 1460 spirituum
661 1427 756 1447 motus
775 1420 821 1447 vix
839 1416 854 1445 ὲ
872 1428 971 1447 natura
994 1417 1062 1448 ferri
1078 1419 1167 1460 potest
1180 1443 1189 1457 ‚
1205 1429 1268 1460 qua:
1283 1418 1338 1449 hu-

109 1471 228 1491 morum
248 1460 407 1492 alterationi
428 1460 464 1491 fic
479 1461 575 1503 praeest
586 1483 595 1495 ‚
623 1470 653 1490 ut
671 1459 706 1490 ab
723 1471 757 1490 co
770 1471 856 1504 quem
871 1458 1026 1503 praescribit
1044 1461 1146 1491 ordine
1160 1487 1170 1500 ‚
1192 1461 1286 1493 recedi
1303 1474 1341 1493 :e-

109 1504 160 1547 gre
180 1508 300 1547 patiatur
316 1518 322 1535 ε
341 1504 436 1536 cordis
454 1503 549 1547 pulsus
575 1507 605 1534 δε
627 1505 742 1546 propria
761 1502 897 1545 cujusque
920 1507 1020 1545 organi
1037 1503 1187 1544 struthia,
1202 1516 1249 1536 aut
1264 1516 1342 1536 tem-

110 1551 202 1589 peries
217 1559 323 1579 naturae
342 1547 413 1590 jussa
435 1547 568 1590 religiose
588 1557 775 1588 exequuntur.
802 1546 883 1577 Hinc
905 1547 1028 1578 naturali
1050 1547 1206 1579 humorum
1228 1559 1343 1592 pertur-

110 1591 175 1622 bata
196 1594 327 1622 motione
340 1590 456 1622 affeetus
471 1591 592 1622 violenti
606 1593 635 1620 in
650 1592 715 1621 vitae
737 1590 891 1621 discrimen
912 1591 1057 1621 interdum
1075 1591 1240 1626 adducunt3
1257 1603 1342 1634 atque

111 1646 143 1666 ut
170 1646 248 1665 mors
266 1635 324 1678 ipsa
338 1657 347 1670 ‚
366 1637 404 1666 ita
428 1638 458 1666 δε
483 1633 579 1665 morbi
599 1645 632 1664 ex
653 1632 702 1663 illa
720 1632 887 1665 confusione
908 1636 1050 1664 oriuntur.
1073 1636 1146 1676 Qae
1165 1638 1242 1665 enirn
1265 1635 1339 1666 bene

111 1679 260 1709 constituta
272 1701 280 1714 ‚
292 1682 424 1711 vitam&
442 1678 589 1710 sanitatem
612 1687 742 1714 tuentur,
762 1676 861 1708 eadem
884 1677 1004 1708 morbos
1027 1680 1056 1709 δε
1072 1690 1198 1710 mortem
1218 1678 1342 1711 afferunt

112 1733 178 1752 cum
198 1721 272 1752 ordo
290 1721 337 1752 ille
353 1725 531 1766 pervertitur.

151 1767 221 1795 111.
246 1767 315 1797 Hoc
339 1765 430 1809 ipsum
443 1778 476 1796 ex
492 1769 524 1797 iis
541 1777 603 1809 qua:
628 1765 701 1797 fasta
718 1765 780 1798 sunt
801 1768 1002 1810 experimentis
1019 1763 1213 1797 confirmabat
1236 1778 1243 1797 z
1268 1777 1343 1796 nun-

115 1818 201 1849 quam
220 1813 296 1839 enim
317 1809 391 1840 facta
414 1813 451 1841 est
473 1809 624 1841 transfusio
640 1832 649 1845 ,
675 1812 745 1852 quin
762 1810 896 1841 animalia
912 1813 1039 1842 extincta
1060 1821 1109 1841 aut
1124 1808 1261 1841 suffocata
1281 1808 1344 1839 fue-

115 1854 173 1881 rint
188 1873 197 1886 ,
224 1863 271 1882 aut
292 1853 367 1884 certe
390 1852 517 1884 multum
545 1853 692 1884 debilitata
714 1865 747 1885 cx
770 1857 840 1885 novi
870 1853 1011 1896 sanguinis
1029 1853 1242 1897 coagulatione.
1266 1852 1343 1883 Illud

117 1893 150 1924 fit
172 1895 331 1926 verosimile
353 1896 456 1928 animal
491 1899 572 1927 omni
589 1897 720 1940 sanguine
734 1908 793 1928 tarn
807 1900 864 1928 cito
885 1895 1009 1928 fraudari
1027 1909 1085 1928 non
1107 1895 1183 1940 poffe
1198 1919 1207 1932 ,
1227 1900 1258 1927 δε
1276 1897 1343 1926 alie-

116 1949 186 1968 num
202 1942 330 1982 excipere
342 1963 351 1976 ‚
378 1942 447 1970 citra
462 1939 553 1970 ullum
579 1943 686 1971 virium
705 1951 751 1971 aut
774 1941 899 1972 sanitatis
914 1940 1106 1984 dispendium.

150 1984 211 2012 IV.
237 1984 281 2013 Ac
298 1983 390 2013 nescio
417 1995 454 2013 an
474 1982 624 2025 quisquam
646 1983 695 2014 fibi
711 1985 765 2015 hoc
785 1987 814 2015 in
833 1987 961 2015 animum
981 1985 1119 2018 inducat,
1139 1982 1271 2013 animalia
1284 1984 1344 2024 post

117 2037 181 2055 eam
203 2024 397 2057 transfusionis
414 2029 608 2068 operationem
630 2027 708 2070 mque
724 2039 824 2070 vegeta
837 2027 927 2058 videri
942 2049 951 2062 ,
970 2027 1020 2058 nisi
1036 2027 1108 2058 forte
1127 2037 1189 2068 qum
1214 2026 1345 2056 uberiore

118 2068 298 2100 abundabant
311 2069 451 2111 sanguiue,
472 2081 518 2100 aut
540 2074 599 2112 ejus
622 2082 771 2115 perparum
790 2071 937 2102 admisere.
965 2072 1009 2101 Ac
1034 2069 1149 2101 subinde
1173 2068 1233 2099 fieri
1253 2073 1346 2112 potuit

118 2122 150 2141 ut
174 2111 283 2154 sanguis
306 2116 335 2144 in
361 2112 487 2156 syphonc
502 2112 564 2156 ipso
585 2125 733 2146 concretus
752 2113 865 2146 alterius
880 2125 983 2146 venam
1006 2124 1065 2146 non
1085 2113 1219 2149 subierit,
1234 2124 1299 2143 cum
1312 2123 1345 2142 ex

1136 2156 1198 2198 cij
