1638 2345
288 106 591 139 ACADEMIAE
630 108 930 141 HISTORIA.
965 111 1052 141 [τε.
1087 112 1109 140 Ῐ.
1275 117 1307 145 8(

89 150 162 179 Boot
177 151 204 178 in
219 148 336 180 Carttsii
350 154 486 193 opinione
500 151 704 193 acquiescebat,
721 154 759 182 D.
778 155 860 195 Hugt
868 164 899 183 ns
913 153 1061 184 videbunt
1075 154 1110 184 ad
1120 153 1238 184 candent
1251 156 1307 185 sen>
1366 159 1410 185 De

86 195 202 222 tentiam
230 192 377 229 accede-rc,
405 192 437 223 st.
459 206 552 224 tamen
575 207 604 225 ut
628 207 690 229 qnae
706 198 733 225 iu
753 196 913 227 Catuli-ina
938 196 1085 238 hypothesi
1103 196 1307 228 destituamur,
1327 201 1424 227 nazi-

84 234 231 274 expkrm,
251 240 278 265 ἃ
301 235 386 278 longe
409 234 736 278 probabiliorem-hujus
751 241 790 269 ici
807 240 1023 283 txfliraziontm
1039 239 1151 270 afferat
1166 262 1173 273 ‚
1196 252 1295 284 tanqu

83 281 285 320 experimentis
310 278 468 312 illustraret.
495 281 592 312 Paucis
613 280 716 312 abhinc
737 285 817 312 annis
837 282 907 326 quid
923 294 953 313 ea
969 283 1003 312 de
1018 294 1045 312 re
1064 283 1205 317 censeret,
1222 284 1310 327 scirp-

84 329 115 350 to
133 320 249 363 publico
275 326 393 365 aperuit.
418 322 516 353 Nobis
536 323 607 354 adeo
635 324 697 355 satis
717 324 802 355 fuerit
822 337 884 368 qnae
914 329 940 356 in
959 326 1114 356 Acadtmia
1131 337 1190 356 tum
1204 336 1310 370 tempo-

82 365 122 393 ris
157 363 221 394 aulo
239 363 352 395 uberit‘is
365 364 400 395 ab
416 376 450 395 eo
468 365 530 396 sunt
544 365 667 409 exposita
682 389 692 402 ,
713 370 741 398 in
760 367 898 398 summam
917 369 1084 400 contrahere
1099 380 1107 404 ·,
1129 368 1235 400 tametsi
1252 382 1312 412 ejus

81 376 240 437 dissJgrtatio
255 411 364 449 integra
384 407 577 439 Miscellancis
598 420 688 452 nuper
704 410 789 440 editis
805 410 906 441 inserta
923 412 970 442 est.

116 450 171 480 VI.
197 449 267 490 Qo
292 453 439 492 gravitatis
460 451 569 482 causam
591 452 771 494 probabilem
794 453 982 496 indagemus,
1006 454 1078 488 illud
1098 454 1182 486 nobis
1198 459 1312 487 intuen-

80 490 151 522 dum
166 502 222 534 qua
240 496 348 524 ratione
369 492 432 524 fieri
457 493 541 537 possit
561 506 593 526 ut
614 506 736 538 corpora
757 507 792 527 ex
807 496 947 528 consimili
964 502 1079 529 materia
1100 498 1267 542 compofita,
1283 502 1313 529 in

81 534 183 582 quibus
207 535 315 566 nullam
336 537 523 579 qualitatem,
544 536 590 568 vel
607 539 701 569 nescio
718 550 805 581 quam
826 539 861 570 ad
878 551 1008 571 mutuum
1028 540 1164 573 accessum
1188 554 1315 585 propen-

81 580 210 614 sionem,
234 577 281 609 sed
300 580 505 622 magnitudinis
527 581 730 613 tantummodo
744 607 754 620 ‚
778 580 895 624 figurae,
919 594 1015 615 motus
1030 584 1222 615 diversitatem
1237 585 1314 628 spec-

81 631 193 656 tamus,
217 622 312 652 versus
333 622 409 653 idern
429 634 557 654 centrum
579 623 698 654 tendant
719 649 728 662 ,
753 627 783 654 &
808 625 1006 668 circumposita
1024 628 1089 657 huic
1113 627 1315 668 aditae-iescam,

80 674 164 705 atque
182 664 254 706 :egre
275 664 342 695 hinc
357 664 569 699 dimoveantur.
593 668 653 705 Q
673 666 791 710 quidem
811 666 928 699 effectus
943 681 1002 699 non
1019 681 1051 700 ex
1067 673 1188 712 partium
1209 674 1315 713 exigui-

79 716 158 742 tate,
181 717 228 738 aut
247 705 337 750 figura
355 708 606 751 corpusculorum,
627 708 673 740 sed
689 720 722 739 ex
737 720 818 741 motu
832 710 894 753 ipso
937 710 1111 744 toficiscitur.
1128 713 1203 744 lllud
1220 719 1313 755 itaque

80 749 284 791 inquirendum
300 773 310 786 ,
327 750 418 794 qualis
441 750 474 783 fit
495 753 542 783 hic
564 762 679 789 motus,
704 753 781 786 unde
802 754 878 785 nisus
899 723 949 786 ille
968 757 999 786 in
1018 755 1165 799 quoddam
1183 768 1311 788 centium

79 803 199 831 ortatur,

111 839 139 868 V
153 838 165 866 I
179 838 202 867 1.
230 835 347 879 Duplex
363 848 474 870 tantum
491 839 588 871 motus
600 850 688 883 genus
709 842 740 872 in
762 852 856 873 rerum
870 853 968 874 natura
988 843 1178 887 conspicitur,
1195 845 1263 874 recti
1278 848 1309 875 Sc

80 878 236 911 circularis.
260 882 361 912 Motus
386 883 455 913 recti
472 883 547 926 leges
569 885 598 913 in
614 894 770 927 corporum
784 884 933 918 collisione
953 898 1011 917 non
1030 886 1093 916 sunt
1108 886 1309 929 obscutae,qua

80 924 190 953 ratione
212 925 234 953 is
254 927 481 957 communicetur
501 948 512 961 ‚
536 924 600 957 satis
619 938 722 958 notum
746 928 803 963 est·,
831 939 861 959 ut
885 930 951 960 hinc
972 929 1106 960 concludi
1128 928 1212 972 poffit
1236 931 1309 961 nihil

81 967 112 996 in
135 977 169 996 eo
189 977 294 1003 motu,
316 978 362 999 aut
384 971 413 998 in
434 971 518 1000 variis
542 971 601 1010 ejus
615 968 821 1002 reflexionibus
842 972 1231 1014 occurrere‚quodmatetiae
1245 985 1309 1016 par-

80 1017 123 1038 tes
137 1008 173 1040 ad
194 1020 283 1040 unum
297 1010 444 1053 quoddam
459 1022 587 1043 centrum
607 1011 778 1044 determinet
795 1027 801 1044 :
818 1017 855 1045 ita
877 1026 908 1045 ut
928 1016 962 1046 ad
983 1026 1077 1046 motus
1092 1014 1234 1046 circularis
1246 1028 1310 1058 pro-

81 1053 214 1094 prietates
228 1052 313 1084 nobis
333 1057 456 1085 omnino
476 1053 509 1085 fit
530 1053 755 1097 confugiendum
771 1078 781 1091 ‚
799 1059 829 1087 &
851 1058 1038 1100 quaerendum
1056 1069 1126 1089 num
1146 1057 1219 1089 forte
1238 1062 1311 1091 iniis

81 1093 211 1126 motibus
226 1094 259 1126 sit
281 1098 323 1127 vis
343 1096 435 1141 aliqua
454 1108 516 1140 quae
533 1098 600 1128 huic
615 1100 655 1128 rei
671 1098 847 1141 explicanda·
865 1099 1005 1133 sufficiat?

114 1140 142 1169 V
156 1140 228 1170 111.
251 1139 393 1170 Cartefius
414 1151 568 1184 corporum
589 1152 654 1183 quae
674 1144 703 1171 in
721 1141 822 1172 orbem
838 1153 991 1176 moventur
1011 1143 1103 1175 nisum
1118 1166 1127 1180 ‚
1149 1155 1208 1188 quo
1222 1143 1236 1174 a
1248 1156 1310 1176 cen-

83 1192 128 1214 tro
150 1181 282 1214 recedere
304 1182 464 1214 moliuntur
476 1205 486 1220 ,
502 1195 535 1214 ex
553 1188 694 1215 rotatione
713 1184 809 1216 fundae
822 1207 832 1220 ‚
848 1188 880 1216 &
902 1185 980 1218 funis
1000 1186 1125 1219 tensione
1143 1188 1199 1217 hoc
1218 1192 1310 1229 majo-

81 1236 113 1256 re
126 1246 137 1260 ,
149 1224 209 1267 quo
227 1225 346 1257 celerior
369 1226 408 1257 est
428 1229 552 1266 rotatio,
572 1226 635 1258 satis
655 1226 781 1259 dilucide
794 1228 922 1260 ostendit.
943 1232 1011 1261 Hoc
1033 1229 1124 1274 ipsum
1135 1231 1176 1264 D.
1190 1232 1310 1274 Hugens

82 1269 112 1298 in
137 1269 234 1299 mensa
256 1269 384 1301 retundae
407 1268 504 1312 figura:
529 1268 614 1301 celeri
634 1273 764 1302 motione
777 1273 950 1304 circumacta
975 1273 1061 1318 paulo
1081 1285 1162 1306 antea
1181 1273 1312 1305 ostende-

82 1321 125 1341 rat
140 1331 148 1344 ,
167 1311 248 1342 simul
268 1316 300 1345 &
315 1312 453 1345 nonnulla
470 1314 663 1344 Theoremata
682 1314 749 1344 hine
766 1313 931 1347 deduxerat.

114 1356 179 1384 IX.
206 1356 274 1385 Hoc
301 1359 386 1398 igitur
405 1355 496 1399 posito
521 1355 711 1387 fundamento
731 1357 911 1399 probandum
933 1359 970 1389 est
993 1359 1084 1391 nisum
1107 1361 1189 1392 illuni
1214 1373 1272 1404 quo
1295 1360 1310 1390 Ξι

82 1406 182 1428 centro
203 1408 325 1441 corpora
346 1401 516 1430 circumasta
536 1399 666 1430 recedere
685 1411 845 1435 conantur,
870 1404 1024 1444 genuinam
1046 1404 1099 1435 esse
1124 1404 1234 1435 causam
1258 1415 1310 1435 cur

83 1439 138 1470 alia
159 1442 188 1471 in
211 1440 287 1471 idem
307 1453 433 1472 centrum
454 1445 589 1473 nitantur.
614 1442 747 1473 Primum
769 1445 847 1474 enim
863 1466 872 1479 ,
895 1443 914 1475 si
938 1456 1039 1488 corpus
1057 1446 1178 1478 fluidum
1202 1452 1230 1478 in
1247 1446 1310 1477 vase

83 1481 267 1518 conclusum,
289 1484 366 1514 unde
391 1488 467 1515 exire
496 1497 555 1516 non
583 1484 686 1528 poffit,
708 1489 782 1516 circa
807 1485 886 1517 suum
908 1499 1036 1519 centrum
1059 1501 1225 1525 moveatur,
1248 1501 1311 1520 mn-

84 1537 134 1556 nes
154 1530 277 1557 martrix
292 1525 386 1557 fluidae
404 1539 493 1570 partes
517 1527 533 1557 ὲ
546 1539 643 1559 centro
662 1528 792 1559 recedere
808 1529 984 1566 moliuntur,
1008 1531 1054 1561 sed
1076 1536 1157 1564 irrito
1185 1544 1307 1564 conant:

83 1579 150 1599 nam
176 1581 236 1612 qux
263 1570 458 1601 recedentibus
480 1571 676 1606 succederent,
703 1583 760 1602 non
781 1571 878 1602 minus
896 1577 1038 1605 removeri
1059 1576 1074 1606 ὲ
1094 1587 1192 1606 centro
1213 1576 1310 1607 mortis

82 1611 247 1643 affectarent
263 1626 268 1643 :
292 1612 367 1643 unde
386 1615 415 1644 in
436 1614 484 1644 suo
502 1625 619 1658 quaeque
640 1614 706 1644 loco
732 1626 845 1646 manete
862 1626 1013 1658 coguntur.

127 1657 164 1685 X.
194 1656 232 1686 At
255 1654 274 1685 fi
296 1656 360 1686 huic
386 1659 508 1688 materia·
535 1657 672 1699 permistae
695 1655 746 1688 sint
769 1668 861 1701 partes
888 1670 949 1702 qua:
977 1660 1096 1691 aliarum
1113 1672 1195 1693 motu
1224 1665 1310 1693 circn-

81 1696 135 1729 lari
167 1709 225 1728 non
247 1698 372 1730 ferantur
392 1722 401 1735 ‚
431 1711 477 1731 aut
505 1700 610 1731 tardius
631 1712 800 1731 moveantur
819 1724 829 1737 ‚
854 1702 902 1732 has
917 1714 1018 1734 omnes
1035 1703 1068 1734 ad
1089 1715 1217 1736 centrum
1241 1717 1310 1748 pto-

83 1739 153 1781 pelli
176 1739 281 1772 necesse
306 1742 365 1773 est:
385 1754 450 1773 cum
473 1748 550 1774 enim
567 1754 613 1774 aut
637 1743 739 1778 nullo,
761 1755 808 1774 aut
825 1747 931 1777 minori
950 1757 1053 1777 conatu
1073 1747 1159 1790 quarn
1179 1751 1277 1779 vicinas
1291 1748 1306 1778 ,ὶ

84 1793 183 1813 centro
204 1784 335 1815 recedant
351 1808 361 1820 ‚
382 1786 425 1816 his
446 1786 550 1817 cedunt
570 1786 636 1816 loco
656 1790 686 1818 &
712 1786 746 1817 ad
765 1797 894 1817 centrum
917 1788 1072 1831 pelluntur.
1104 1791 1150 1821 Sic
1172 1794 1199 1821 in
1217 1790 1308 1831 figura.

83 1825 208 1868 apposita
222 1838 322 1870 corpus
349 1831 370 1859 F.
385 1850 393 1863 ,
419 1829 498 1870 quod
519 1829 637 1860 aliarum
664 1840 787 1873 partium
809 1829 938 1862 circulari
956 1835 1047 1864 motui
1066 1833 1162 1864 minus
1175 1832 1307 1876 obsequi-

86 1878 132 1898 tur
146 1869 181 1898 ad
202 1880 328 1900 centrum
354 1873 393 1901 D.
415 1873 450 1903 ab
468 1872 530 1903 aliis
550 1872 735 1915 propelletur.

116 1913 144 1941 X
158 1914 180 1942 1.
206 1912 239 1943 Id
262 1914 332 1944 veto
349 1913 493 1947 luculento
510 1915 643 1959 exemplo
656 1939 664 1952 ‚
690 1919 719 1947 in
740 1928 798 1959 quo
818 1917 901 1961 ipsius
918 1923 1064 1961 gravitatis
1086 1918 1209 1963 expressa
1232 1931 1306 1962 quae-

81 1953 250 1986 dam›vclut
267 1960 361 2000 imago
384 1969 518 2001 apparet,
534 1962 654 1989 omnino
677 1959 809 1991 illustrati
829 1962 929 2003 potest.
951 1964 1030 1993 Nam
1056 1962 1074 1994 si
1093 1975 1192 2006 aquam
1213 1966 1240 1992 in
1256 1974 1306 1992 va-

82 1999 112 2028 se
131 2002 208 2039 cujus
232 1999 335 2030 fundus
355 1999 387 2031 {it
403 2002 517 2043 planus,
539 2004 711 2045 circumagas
725 2026 734 2038 ,
759 2002 841 2034 simul
862 2008 892 2035 &
911 2005 1223 2049 pulveremvaliquanto
1240 2016 1306 2044 gra-

83 2043 194 2072 viorem
208 2064 216 2077 ,
241 2053 270 2073 ut
297 2042 420 2074 buxeum
442 2049 469 2075 in
485 2056 586 2090 aquam
606 2048 714 2086 injicias
727 2069 737 2082 ,
751 2058 812 2077 tum
836 2047 960 2090 pulveris
975 2048 1092 2092 granula
1106 2051 1133 2078 in
1148 2059 1218 2089 aqua
1237 2047 1306 2078 flui-

81 2088 170 2124 tantia
180 2107 190 2123 ,
209 2085 257 2117 sub
278 2089 391 2130 initium
409 2100 522 2131 motum
541 2089 707 2132 circularem
727 2090 935 2135 consequentur
953 2114 964 2130 ,
983 2104 1035 2124 nec
1054 2091 1088 2123 ad
1111 2101 1239 2122 centrum
1260 2102 1307 2129 aeq

1129 2136 1151 2167 1,
