1638 2345
149 125 153 127 i
308 88 600 125 ACADEMTAE
635 90 934 124 HISTORIA.
967 90 1112 123 Luat.
1278 96 1319 135 85*

93 133 168 165 tibus
189 132 258 166 defit
272 134 322 166 ille
344 135 360 166 a
377 147 475 167 centro
492 135 567 166 nisus
581 146 627 166 aut
643 136 788 167 tendentia
801 159 811 172 ‚
836 135 916 179 quod
929 146 1009 165 motu
1023 134 1074 166 illo
1087 134 1215 167 circulari
1231 134 1315 166 desti·
1358 137 1406 167 De

92 187 205 208 tuantur
221 192 229 210 z
249 188 309 209 turn
324 182 402 211 enim
423 182 458 210 iis
472 178 577 210 cedunt
596 178 698 221 quibus
716 179 791 210 adest
812 179 859 210 ille
873 189 968 209 motus
993 190 1000 213 ς
1020 189 1104 221 atque
1122 181 1152 209 in
1174 179 1230 209 hoe
1256 180 1316 222 ipso
1327 181 1423 223 gravi-

91 223 212 260 gtavitas
237 220 370 255 consistit.
411 223 476 253 Nec
495 233 589 254 tamen
614 221 721 252 neceffe
748 223 788 253 est
807 234 838 254 ut
877 232 947 253 artes
966 233 1066 252 omnes
1089 222 1172 264 hujus
1195 225 1317 254 materiae
1333 231 1397 253 tate.

92 261 189 293 fluida:
209 264 339 296 circulari
358 276 438 296 motu
450 265 612 301 donentur,
626 264 689 296 satis
706 265 734 298 id
750 264 835 297 fuerit
861 278 870 297 ι
890 268 980 307 major
998 263 1031 295 srt
1052 266 1133 308 copia
1146 276 1243 296 earum
1257 276 1320 307 quae

91 307 124 336 in
146 306 246 337 orbem
267 318 398 351 aguntur.

136 351 163 379 X
178 352 217 381 X.
254 352 370 382 Atenim
391 349 476 383 crassa
496 350 544 382 illa
564 353 596 382 δε
616 361 719 394 magna
737 362 859 393 corpora
877 362 939 395 qua·
954 349 1050 381 versus
1064 361 1194 382 centrum
1209 362 1322 394 protru-

90 391 196 423 duntur
210 418 219 428 ,
243 394 297 424 huc
327 394 395 425 illuc
417 394 600 438 impellentur
623 416 633 429 ,
664 398 695 425 &
718 392 878 437 superficies
897 405 998 424 eorum
1025 396 1119 424 varios
1141 393 1205 425 situs
1222 393 1322 425 conse-

91 445 214 476 quentur
238 449 244 467 ε
267 447 333 468 narn
351 449 385 468 ex
410 437 436 467 se
457 436 567 467 nullam
589 436 694 468 babent
722 436 989 468 determinationem
1008 448 1016 471 ·,
1039 447 1157 480 quaeque
1175 440 1204 467 in
1225 449 1255 468 ea
1279 441 1323 469 in·

91 487 207 510 currunt
227 480 392 523 corpuscula
417 491 512 511 motus
539 480 688 512 circulares
713 482 742 510 in
768 482 861 511 restos
882 492 931 524 pet
956 479 1144 511 reflexionem
1163 491 1324 512 commuta-

91 518 172 552 bunt.
208 524 271 553 Imo
308 523 415 554 subtilis
445 522 495 554 illa
525 526 642 555 materia
661 534 721 554 non
744 524 833 566 potest
859 522 990 554 crassiota
1017 534 1136 566 corpora
1160 535 1321 566 permeare,

91 566 161 604 quin
182 567 212 596 in
233 577 265 596 ea
284 569 422 609 impingat
436 589 445 601 ,
473 570 504 597 &
527 570 557 597 in
575 569 666 597 varias
688 576 779 609 partes
808 565 937 610 impellat
950 591 959 602 ,
984 577 1014 596 ut
1034 577 1141 596 meatus
1160 568 1238 598 varie
1261 567 1324 598 sunt

91 606 240 647 dispositi,
264 620 309 639 aut
331 608 493 652 superficies
512 609 548 639 ad
573 606 698 640 diversas
714 608 815 639 mundi
840 621 932 652 partes
950 609 1142 640 obvertuntur
1158 632 1167 644 ,
1188 621 1234 640 aut
1257 622 1324 641 cor-

90 649 204 692 puscula
216 653 290 682 inter
306 651 330 682 se
348 663 476 682 connexa
494 655 602 693 majora
620 650 747 682 efficiunt
762 663 891 695 corpora.
927 655 962 683 In
984 653 1027 682 his
1048 651 1218 691 labyrinthis
1236 665 1322 685 mate-

90 695 132 722 ria
151 691 238 724 fluida
251 716 261 729 ,
282 705 328 726 aut
344 694 435 725 fistere
454 698 565 737 cogitur
576 717 586 730 ‚
608 706 655 726 aut
668 698 697 726 in
709 706 810 725 omnes
823 706 914 738 partes
932 706 981 737 per
997 695 1086 726 reditas
1097 694 1186 726 lineas
1197 695 1320 728 resilire:

90 735 170 778 quod
192 735 212 767 sr
230 736 318 769 libere
331 737 524 780 pertranseat,
541 736 636 768 nullus
652 749 687 768 ex
706 749 738 768 ea
759 737 889 780 sequetur
909 737 1036 771 effeetus.

133 779 294 823 Respondit
318 784 361 811 vir
387 779 488 811 clariss.
510 784 651 813 rationem
671 780 688 810 a
713 780 741 812 se
764 780 877 812 allatam
905 793 954 812 cur
974 786 1083 824 majora
1109 793 1230 826 corpora
1253 782 1322 815 illuc

92 832 152 852 non
171 823 376 866 impellantur,
400 823 523 855 coelestis
542 835 611 854 vero
634 826 751 855 materia
772 823 843 855 adeo
866 824 976 856 subtilis
997 827 1098 857 eadem
1120 824 1255 857 facilitate
1276 827 1323 857 so.

90 863 228 897 lidiorum
248 877 403 910 corporum
424 866 575 898 intervalla
595 867 766 910 pertranseat
785 878 840 909 qua
861 868 953 911 ipsum
976 871 1042 899 ae'ra
1058 890 1068 904 ‚
1089 871 1118 899 in
1141 880 1175 899 eo
1202 867 1322 913 positam

91 907 146 938 effe
164 908 242 953 quod
258 909 378 941 directio
401 909 612 953 superficierum
635 910 709 941 nihil
730 909 767 941 ad
783 921 878 941 motus
899 911 1168 943 determinationem
1189 914 1219 942 in
1235 924 1322 945 unam

92 953 186 993 potius
202 963 288 994 quam
306 956 336 984 in
350 953 465 984 alteram
485 965 593 998 partem
609 953 738 984 conferat
759 966 766 984 :
790 952 900 984 subtilis
912 953 962 986 illa
979 957 1096 985 materia
1113 967 1146 985 eo
1160 954 1218 985 fere
1232 956 1322 987 modo

92 997 189 1035 gravia
204 1006 324 1039 corpora
336 996 466 1039 pervadit
479 1022 488 1034 ‚
508 1008 566 1039 quo
579 1007 652 1038 aqua
672 996 799 1027 fluminis
813 998 887 1028 inter
902 1000 1000 1035 juncos
1020 1009 1067 1028 aut
1080 1002 1148 1029 retia
1161 998 1320 1041 pertransit,

92 1042 277 1078 quantumvis
296 1039 425 1083 quaedam
441 1039 516 1070 illius
534 1050 624 1084 partes
638 1043 668 1071 in
681 1051 712 1070 ea
733 1050 854 1082 corpora
866 1043 1021 1072 incurrant.
1047 1041 1118 1071 Non
1131 1044 1209 1071 enim
1224 1053 1323 1073 earum

93 1079 213 1112 reflexio
230 1082 280 1112 has
294 1083 383 1125 potest
402 1082 554 1114 distrahere
572 1105 582 1118 ‚
600 1094 652 1114 nec
670 1082 762 1114 obstat
780 1085 934 1125 quominus
954 1082 970 1112 εὶ
991 1082 1175 1115 multitudine
1196 1087 1322 1128 partium

92 1133 172 1166 aquae
189 1136 250 1168 quae
271 1125 445 1161 succedunt,
464 1137 521 1157 una
544 1125 728 1169 abripiantur.

142 1168 216 1198 Haec
234 1167 294 1199 fere
310 1168 346 1199 de
358 1172 497 1212 gravitate
513 1180 667 1213 corporum
684 1169 700 1198 a
717 1170 786 1200 vitis
802 1166 965 1200 acutiffimis
984 1167 1047 1201 funt
1064 1169 1212 1215 disputata.
1244 1174 1321 1215 Qae

92 1212 122 1240 in
147 1210 218 1241 hanc
237 1209 404 1243 sententiam
428 1211 444 1242 a
469 1213 511 1242 D.
526 1212 653 1244 I’errault
676 1224 737 1244 tum
756 1211 857 1257 scripta
878 1211 941 1244 sunt
954 1234 964 1249 ,
987 1223 1053 1244 cutn
1073 1225 1104 1245 ea
1125 1213 1232 1258 publici
1251 1218 1322 1257 juris

93 1251 169 1284 fad-a
189 1252 312 1294 fuerint,
330 1254 403 1286 nihil
417 1255 523 1286 necesse
539 1258 578 1288 est
599 1267 734 1299 regerere.

139 1299 168 1328 X
181 1299 209 1328 X
223 1299 246 1328 1.
274 1299 314 1329 Ex
330 1297 433 1343 quibus
451 1298 523 1330 illud
547 1298 668 1331 efficitur
681 1301 810 1344 corporis
829 1302 995 1343 gravitatem
1010 1299 1129 1344 pofitam
1142 1299 1195 1332 esse
1210 1305 1240 1333 in
1260 1301 1323 1334 nisu

93 1343 220 1371 materiae
242 1339 335 1373 fluidae
353 1344 426 1373 circa
437 1353 517 1373 terrae
536 1353 667 1374 centrum
685 1345 862 1375 circumastae
877 1365 887 1378 ,
911 1354 1029 1386 quaeque
1047 1347 1077 1375 in
1090 1355 1190 1375 omnes
1201 1347 1323 1387 agitatur

96 1393 187 1425 partes
207 1396 214 1415 :
237 1395 296 1426 quo
313 1385 429 1429 quidem
444 1384 504 1417 nisu
521 1385 536 1415 ὲ
554 1396 654 1417 vcentro
674 1385 804 1418 recedere
827 1389 931 1418 nititur
944 1409 954 1422 ‚
978 1390 1008 1418 ὅ(
1032 1390 1061 1418 in
1077 1385 1172 1418 locum
1194 1388 1274 1419 suurn
1291 1400 1323 1419 ea

93 1425 260 1458 substituere
277 1438 399 1471 corpora
411 1451 420 1465 ,
441 1440 502 1471 qua:
521 1427 587 1459 huic
600 1432 726 1460 tnotioni
750 1431 842 1460 minus
867 1428 1070 1473 obsequuntur.
1101 1431 1180 1461 Nam
1194 1431 1243 1462 ubi
1256 1443 1324 1475 par-

96 1479 137 1500 tes
153 1468 317 1506 crassiores,
340 1482 386 1502 aut
403 1472 454 1503 fibi
471 1483 572 1503 mutuo
592 1475 682 1516 magis
702 1471 852 1515 implicatae
878 1483 1030 1504 occurrunt
1044 1496 1053 1508 ,
1079 1484 1200 1516 corpora
1228 1473 1323 1505 versus

95 1523 226 1544 centrum
246 1513 460 1556 prot-tuduntur.
496 1516 602 1557 Neque
620 1519 696 1546 enim
720 1528 751 1546 ea
773 1527 892 1559 corpora
905 1537 915 1551 ,
941 1527 1004 1559 quae
1024 1518 1053 1546 in
1081 1519 1145 1546 ae‘re
1160 1516 1322 1553 decidunt,

95 1565 209 1587 motum
229 1556 396 1599 sphaericum
418 1557 512 1589 fluidae
529 1558 687 1590 substantia
703 1558 914 1601 consequuntur
938 1581 948 1593 ,
981 1558 1059 1601 quod
1083 1557 1220 1602 impulsus
1245 1559 1322 1590 illius

93 1601 220 1630 matetiae
242 1602 272 1631 in
293 1603 383 1632 varias
402 1612 492 1645 partes
518 1612 574 1633 tam
597 1600 759 1644 frequentes
781 1605 812 1633 &
831 1600 936 1632 celeres
959 1600 1012 1632 sint
1032 1624 1042 1637 ‚
1073 1612 1104 1632 ut
1121 1603 1161 1632 sat
1186 1606 1322 1647 temporis

96 1652 155 1672 non
175 1644 350 1678 intercedat,
379 1655 437 1686 quo
455 1643 584 1676 crasfiora
603 1656 723 1688 corpora
741 1656 850 1676 motum
866 1643 1023 1676 sensibilem
1038 1647 1196 1687 acquirant.

142 1686 176 1716 Et
194 1686 311 1727 quidem
325 1690 429 1719 minuti
455 1686 580 1730 pulveris
604 1688 738 1730 granula,
761 1699 824 1730 quae
841 1687 920 1718 visus
940 1691 1030 1718 aciem
1048 1686 1160 1729 fiigiunt
1174 1711 1183 1723 ,
1208 1692 1238 1719 in
1258 1692 1323 1720 a'e're

97 1727 247 1761 volitantia
266 1731 320 1761 huc
342 1730 411 1761 illuc
433 1742 538 1762 temere
565 1742 642 1762 mota
664 1731 741 1762 illius
762 1734 884 1762 rnateriae
906 1733 935 1762 vi
957 1742 1118 1773 raperentur
1136 1754 1145 1767 ‚
1167 1730 1187 1763 fi
1207 1736 1236 1763 in
1262 1732 1322 1763 solo

97 1769 189 1801 fluido
209 1797 218 1810 ,
244 1773 323 1815 quod
341 1777 510 1816 gravitatem
530 1773 644 1810 efficit,
676 1777 835 1805 innatarent
865 1787 871 1804 :
900 1773 947 1804 sed
975 1774 1030 1805 alia
1060 1774 1120 1805 sunt
1141 1777 1322 1817 circumjecta

99 1812 187 1856 spatia
200 1839 208 1852 ,
224 1826 286 1855 quae
302 1815 402 1847 diversi
419 1821 529 1859 generis
549 1820 697 1848 materiam
716 1819 875 1848 continent.
900 1818 997 1857 Hujus
1014 1821 1108 1859 itaque
1121 1821 1243 1849 materiae
1259 1830 1323 1861 par-

100 1867 141 1887 tes
158 1856 302 1890 craffiores
323 1860 402 1891 varie
419 1863 527 1902 agitatae
550 1863 579 1891 ὅ(
602 1859 712 1891 reflexae
734 1862 882 1890 communi
903 1859 985 1891 fluidi
1008 1861 1095 1891 nostri
1113 1863 1246 1904 vertigini
1267 1864 1323 1891 mi-

99 1910 153 1930 nus
172 1899 355 1943 obsequentes
373 1903 506 1934 nonnihil
522 1902 632 1934 obstant
647 1906 800 1945 quominus
819 1902 867 1934 illa
885 1903 1051 1946 corpuscula
1070 1903 1105 1934 ab
1125 1905 1242 1935 aetherea
1258 1903 1323 1934 sub-

101 1943 198 1973 stantia
216 1946 243 1973 in
265 1944 365 1976 orbem
384 1949 536 1990 rapiantur.
561 1948 642 1978 Nam
659 1958 759 1988 ptaeter
784 1949 856 1977 ae'ris
880 1946 1030 1988 particulas
1050 1945 1215 1981 craffiores,
1237 1946 1321 1977 aliam

98 1985 155 2016 esse
174 1986 318 2028 quandam
338 1988 514 2019 substantiam
536 1993 600 2020 ae're
622 1989 799 2020 subtiliorem
817 2014 824 2024 ,
846 1988 892 2020 sed
915 1990 1017 2021 aethere
1032 1988 1192 2020 craffiortm
1210 2014 1218 2027 ,
1235 2000 1268 2020 ex
1289 1993 1322 2021 iis

101 2039 165 2070 quae
194 2029 266 2059 fatsta
292 2030 353 2062 sunt
376 2034 403 2062 in
430 2033 561 2062 machina
588 2036 765 2076 pneumatica
796 2034 997 2075 experimentis
1022 2056 1032 2069 ‚
1062 2031 1248 2075 suspicabatur
1279 2035 1322 2064 vit

101 2071 204 2105 clarui.
229 2074 370 2106 Exhausto
388 2076 492 2118 quippe
510 2078 574 2114 aere
593 2087 664 2119 aqua
682 2086 834 2121 expurgata
857 2075 874 2106 ἐ
893 2074 1019 2120 syphone
1038 2077 1204 2150 υῑιιηηε-’έκ
1228 2079 1322 2112 conti-

1123 2129 1154 2160 ¹¹1
