1638 2345
323 134 362 163 46·
607 126 794 158 REGIAE
827 126 1211 163 SCIENTIARUM

213 173 299 200 ΑΝΝ.
320 180 378 211 quo
394 168 468 200 illud
492 168 616 211 sequitur
636 181 699 200 eam
721 168 905 201 velocitatem
928 171 994 202 huic
1016 175 1138 215 aequari‚
1151 184 1236 218 quam
1256 185 1336 218 gutta
1347 187 1426 222 aquae
1449 189 1483 208 ex
1497 189 1545 209 ea-

213 216 302 249 1668,
319 214 387 243 dem
412 211 482 243 vasis
499 211 650 243 altitudine
673 212 809 244 delabens
832 212 933 257 adepta
952 212 1037 245 effer:
1058 218 1170 260 utrique
1186 221 1266 249 enim
1289 230 1400 251 tantum
1418 220 1547 252 efferim-

319 256 403 299 petits
418 254 544 299 acquifiti
557 277 566 292 ‚
584 265 721 297 quantum
740 254 890 291 sufficeret,
905 268 934 289 ut
952 256 989 288 ad
1008 267 1071 288 eam
1085 270 1120 290 ex
1135 270 1191 304 qua
1210 261 1355 294 descendit
1365 263 1547 296 altitudinem

319 302 493 342 perveniret.

352 341 422 373 vlt.
450 342 531 384 Qid
550 347 580 374 in
600 341 680 374 causa
699 342 732 373 sit
745 354 797 374 cur
817 343 884 375 huic
903 347 1051 388 principio
1069 349 1241 390 experientia
1253 345 1311 391 ipsa
1334 348 1478 382 interdurn
1494 350 1546 382 ad·v

317 384 421 416 versari
444 387 574 417 videatur
586 411 597 425 ,
615 386 671 417 hoc
687 385 778 430 ipsum
799 385 885 430 paulo
906 387 1073 431 diligentius
1086 389 1265 420 intuendum.
1286 390 1416 422 Primum
1428 393 1547 435 quidem

317 426 389 471 saepe
412 431 461 459 a'c‘r
480 429 572 460 obstat
590 431 746 471 quominus
769 440 843 471 aqua
866 429 973 462 sursum
996 434 1027 462 &
1058 430 1094 463 ad
1117 431 1350 476 perpendiculum
1369 445 1521 479 erumpens
1535 459 1546 473 ,

316 471 352 502 ad
373 483 437 502 eam
461 483 495 503 ex
515 484 570 516 qua
592 471 708 516 delapsa.
722 472 761 504 est
782 472 965 505 altitudinem
982 495 992 510 ‚
1015 484 1075 504 non
1106 479 1265 518 perueniat.
1287 477 1370 519 Aque
1394 489 1429 508 eo
1453 483 1546 521 majus

315 513 354 544 est
377 515 432 545 hoc
457 515 696 559 impedimentum
713 537 723 551 ,
739 515 799 557 qui>
821 519 913 558 major
928 517 966 547 est
987 528 1067 560 aquae
1091 517 1218 550 celeritas
1237 522 1268 549 δε
1294 517 1423 552 foramen
1445 523 1548 564 angus·

317 558 397 589 rius:
424 557 487 601 plus
507 560 584 588 cnim
611 558 709 589 resistit
735 560 784 589 a'er
807 561 911 600 majori
932 558 1060 601 ejusdem
1081 564 1208 604 corporis
1228 560 1388 598 celeritati,
1413 567 1444 594 &
1469 565 1547 596 fora-

316 601 403 630 minis
423 601 550 641 angustia
571 599 658 633 efficit
677 611 708 631 ut
735 612 807 645 aqua
826 600 910 632 citius
934 601 1078 645 spargatur
1101 607 1129 634 in
1151 603 1286 646 guttulas,
1309 605 1370 635 Aer
1388 607 1462 637 vero
1481 607 1547 650 plus

315 652 363 673 aut
387 641 483 673 minsis
509 644 554 674 his
568 643 659 675 obstat
680 646 768 686 guttis
783 648 862 686 juxta
886 643 1097 689 superficierum
1122 650 1285 683 rationem,
1309 658 1371 689 quae
1389 660 1454 680 cum
1477 650 1546 682 soli-

315 683 402 716 ditate
421 697 487 717 com
509 697 583 717 arata
605 690 697 729 major
723 686 761 717 est
782 689 810 716 in
833 690 928 730 parvis
943 711 953 724 ‚
978 688 1066 730 quim
1082 691 1112 719 in
1138 693 1248 732 magnis
1271 691 1466 734 corporibus·,
1489 697 1546 725 mi-

315 728 435 759 noribus
465 699 536 760 ad³eo
556 733 642 772 guttis
660 728 721 772 plus
741 728 837 761 resistit
858 733 908 761 a'c'r
929 730 1016 775 quam
1037 732 1204 774 majoribus.
1230 734 1350 764 Accedit
1374 734 1445 766 illud
1471 748 1546 779 quo-

314 780 370 811 que
389 783 491 816 aquam
514 772 621 803 sursum
641 777 671 804 &
697 772 733 803 ad
752 773 984 816 perpendiculum
1004 774 1150 805 salientem
1170 778 1200 806 in
1216 774 1334 819 seipsam
1353 778 1497 816 recidere,
1511 783 1544 811 δε

314 812 481 846 inferiorem
504 827 566 859 quae
591 814 700 847 sursum
718 814 856 847 elustatur
870 838 879 851 ,
904 816 1049 862 repellere.
1081 820 1171 856 Qod
1194 817 1214 849 fi
1235 817 1326 850 fistula
1350 820 1488 853 emissaria
1512 833 1542 854 v.

313 866 351 886 un
361 857 473 897 ajustoir
491 861 529 889 ita
544 870 675 902 aptetur,
690 870 721 890 ut
739 870 810 901 aqua
831 858 846 889 ὲ
863 859 1068 903 perpendiculo
1089 861 1210 893 deciscat
1225 885 1234 899 ‚
1258 873 1319 893 tum
1337 873 1418 905 aquae
1439 865 1545 897 salien-

313 902 348 929 tis
370 903 468 931 minor
483 900 607 933 altitudo
623 901 716 932 flatura
735 902 774 933 est
787 923 798 938 ,
811 902 890 945 quod
910 914 968 934 tota
985 915 1057 946 aqua
1079 903 1186 936 sursum
1209 916 1269 936 non
1283 904 1378 937 tendat
1390 931 1400 946 ,
1414 906 1461 939 secl
1479 921 1545 953 pars

313 939 389 973 illius
410 943 445 973 ad
471 943 559 975 latera
581 944 726 976 deflectat.

343 985 409 1027 Jam
432 985 547 1018 sttubus
568 988 712 1030 angustior
729 988 783 1024 fit,
804 991 835 1019 ὃς
861 991 951 1019 exitus
974 988 1060 1031 patilo
1078 994 1169 1031 major
1183 1012 1192 1026 ,
1213 1002 1284 1033 aqua
1305 992 1411 1034 magn&
1440 993 1542 1026 celeri-

313 1038 367 1057 tate
377 1028 522 1060 descendit
536 1055 545 1066 ,
565 1030 611 1061 sed
629 1029 762 1061 lateribus
775 1031 834 1062 tubi
855 1042 901 1062 aut
916 1031 985 1061 vasis
999 1032 1191 1064 adhaerescens
1209 1045 1268 1064 non
1281 1035 1383 1066 eadem
1401 1038 1431 1066 vi
1439 1049 1543 1081 aquam

313 1069 421 1102 sursum
447 1072 540 1103 vibrat
554 1095 564 1108 ,
587 1084 618 1104 ac
634 1071 654 1103 fi
673 1077 703 1104 in
728 1072 829 1105 latiore
850 1074 919 1104 tubo
940 1086 1114 1107 moveretur.

352 1116 439 1145 V111.
464 1114 545 1145 Idem
559 1115 617 1146 fere
635 1127 835 1158 argumentum
858 1116 873 1145 Ξι
892 1117 933 1148 D.
960 1118 1060 1148 Picard
1074 1130 1108 1150 ex
1131 1118 1232 1150 iisdem
1245 1123 1414 1165 principiis,
1429 1121 1475 1153 scd
1486 1123 1541 1155 alia

313 1156 452 1188 methodo
476 1160 678 1201 pertrastatum
694 1157 748 1190 fuit
760 1159 807 1190 die
824 1163 869 1192 28.
893 1161 1021 1202 Augusti.
1044 1161 1176 1192 Primum
1195 1174 1229 1192 ex
1248 1163 1318 1194 vafis
1330 1175 1393 1206 qnae
1410 1163 1475 1196 licet
1487 1165 1542 1198 finr

313 1199 460 1243 inaequalia
481 1203 510 1231 in
530 1201 679 1232 latitudine
694 1224 704 1237 ,
728 1201 865 1245 :equalem
887 1202 992 1234 habent
1019 1203 1218 1243 altitudinem,
1243 1218 1292 1249 per
1317 1206 1434 1250 aequalia
1462 1208 1541 1240 fora-

313 1244 392 1272 mina
407 1255 509 1288 aquam
527 1243 626 1275 cadem
645 1244 786 1276 celeriraze
802 1248 878 1276 exire
891 1267 900 1281 ,
925 1257 1007 1289 atque
1026 1246 1075 1278 ubi
1090 1247 1152 1278 vasa
1168 1251 1279 1291 stmper
1300 1250 1472 1292 implentur3
1488 1252 1540 1283 iis-

311 1283 377 1315 dem
391 1286 567 1327 temporibus
584 1287 704 1318 eandtm
718 1299 797 1330 aqua:
814 1291 1002 1331 quantitatem
1015 1288 1139 1321 effic-erc.
1158 1303 1186 1323 2.
1198 1292 1275 1322 Cum
1291 1303 1382 1324 autem
1398 1305 1447 1336 per
1462 1306 1540 1338 aper-

311 1337 372 1358 tum
392 1331 422 1358 in
441 1329 534 1360 fundo
554 1329 683 1361 foramen
704 1342 752 1362 vas
775 1334 954 1370 exinanitur,
981 1343 1032 1362 nec
1056 1345 1132 1364 nova
1155 1337 1270 1365 interim
1295 1336 1358 1366 huic
1379 1337 1538 1370 affunditur

311 1381 383 1412 aqua
398 1393 407 1407 ,
430 1370 608 1403 tantumdem
626 1386 703 1417 aquae
725 1386 758 1404 ex
785 1375 848 1405 vase
869 1373 959 1405 altero
978 1377 1007 1405 ὃ(
1027 1375 1138 1417 semper
1163 1377 1249 1420 pleno
1276 1381 1349 1410 intra
1381 1379 1539 1412 dimidium

312 1417 449 1456 temporis
466 1414 578 1447 effluit:
598 1417 669 1446 adeo
685 1427 715 1447 ut
730 1420 760 1447 in
781 1416 842 1447 vase
866 1416 963 1448 sentim
978 1439 987 1453 ,
1013 1421 1043 1448 δε
1064 1420 1148 1462 usquc
1169 1420 1204 1450 ad
1221 1424 1346 1464 quietem
1370 1423 1538 1454 exhaurien-

311 1454 348 1485 do
370 1456 446 1488 idon
469 1469 578 1501 tempus
602 1459 802 1502 impendatur,
829 1470 860 1489 ac
875 1459 895 1490 si
915 1463 1014 1503 ptimae
1033 1461 1191 1493 velocitatis
1205 1475 1267 1505 pars
1291 1464 1411 1495 dimidia
1429 1465 1537 1509 stmper

310 1499 485 1538 perstitisset,
509 1501 670 1533 dummodo
693 1503 834 1533 foramina
855 1513 917 1545 quae
932 1507 961 1534 in
981 1507 1040 1534 imo
1060 1504 1194 1548 cujusque
1208 1517 1304 1549 patent
1319 1530 1327 1542 ‚
1344 1512 1537 1549 magnitudini

311 1540 380 1572 bafis
396 1554 442 1574 aut
463 1544 546 1575 fundi
569 1543 622 1576 sint
655 1549 872 1588 proportionata
898 1557 907 1579 3
935 1557 1087 1589 utrumque
1118 1559 1143 1580 v,
1167 1560 1209 1591 gr.
1230 1548 1263 1579 stt
1283 1562 1345 1593 pars
1363 1561 1460 1592 quarta
1481 1551 1536 1584 suae

311 1583 390 1615 bilis.

342 1630 395 1656 IX.
420 1631 517 1668 Qm:
542 1634 570 1660 in
592 1630 704 1661 duobus
728 1629 798 1661 vafis
817 1631 942 1672 ejusdem
960 1632 1118 1664 altitudinis
1143 1644 1212 1676 aqna
1237 1634 1371 1678 paulatim
1389 1640 1458 1668 citra
1479 1649 1534 1669 no-

310 1680 352 1699 ·:ae
377 1669 543 1702 affationem
589 1685 617 1703 cr
641 1672 758 1715 aequalia
774 1673 915 1705 foramina
932 1674 968 1706 fic
989 1675 1129 1707 delabitur
1145 1699 1151 1710 ,
1176 1689 1206 1708 ut
1225 1689 1352 1720 timpora
1365 1683 1532 1711 exinanitio-

311 1715 354 1741 nis
379 1724 442 1743 eam
467 1717 540 1746 inter
558 1684 586 1745 (fe³
601 1716 720 1746 habeant
741 1718 900 1753 rationem,
920 1717 1005 1761 quam
1019 1718 1104 1749 bases.
1127 1721 1203 1750 Cum
1225 1724 1301 1750 cuim
1324 1722 1424 1752 eadem
1447 1722 1477 1754 fit
1494 1723 1532 1754 al-

312 1755 422 1794 titudo,
446 1757 481 1787 ab
505 1758 606 1788 eodem
628 1759 778 1789 celeritatis
801 1759 890 1802 gradu
909 1772 1002 1792 motus
1026 1773 1104 1804 aqua:
1122 1766 1150 1792 in
1169 1774 1289 1803 utroque
1317 1765 1378 1795 vase
1407 1768 1530 1809 incipit,

311 1800 385 1835 cuins
411 1810 474 1841 pars
494 1800 614 1832 dimidia
637 1800 655 1832 st
679 1801 803 1833 sumatur
816 1824 825 1837 ,
840 1814 926 1845 eaque
938 1805 1067 1835 constans
1086 1809 1114 1835 in
1136 1815 1198 1836 toto
1215 1806 1339 1843 effluxu,
1368 1807 1459 1838 donec
1478 1821 1531 1840 va-

313 1839 336 1870 ι’)
353 1840 406 1871 sint
422 1845 533 1884 penitus
558 1844 709 1879 exhausta,
734 1855 811 1886 atqua
828 1846 978 1889 utrobique
997 1847 1131 1878 velocitas
1156 1847 1247 1879 futura
1276 1850 1323 1882 cst.
1343 1852 1419 1881 Cum
1447 1854 1531 1894 igitur

312 1882 475 1915 velocitates
496 1889 524 1915 in
554 1886 664 1917 dnobus
685 1887 755 1918 vasis
773 1886 824 1918 fint
842 1889 961 1931 aeqtialcs
973 1912 982 1924 ‚
1002 1894 1091 1921 exitus
1107 1896 1136 1922 ἃ
1152 1890 1293 1923 foramina
1307 1894 1388 1936 atque
1408 1906 1532 1937 pateant,

311 1936 438 1970 tempora
462 1931 664 1960 exinanitionis
691 1932 762 1961 inter
783 1930 811 1961 se
828 1943 889 1962 eam
915 1932 1060 1964 habebunt
1089 1937 1250 1970 rationein,
1275 1937 1361 1977 qnam
1392 1948 1530 1979 aquarum

310 1973 472 2001 exeuntium
498 1972 589 2003 moles
604 1997 613 2010 ‚
636 1973 681 2003 scu
695 1972 771 2005 bases
789 1973 997 2014 cylindrorum.
1020 1977 1114 2018 Atque
1141 1978 1155 2007 ὁ
1176 1978 1313 2009 converso
1342 1979 1361 2010 si
1388 1979 1528 2011 foramina

309 2022 369 2041 eam
390 2016 462 2044 inter
482 2013 507 2045 sc
528 2015 648 2046 habeant
669 2019 808 2047 rationem
836 2017 923 2059 quim
938 2018 1038 2054 bases,
1060 2031 1169 2067 tempus
1187 2024 1287 2063 integri
1309 2021 1430 2053 effluxus
1450 2034 1527 2054 utto-

309 2052 394 2095 biquc
415 2056 519 2099 aequalc
542 2061 593 2089 crit
608 2071 614 2089 ε
632 2057 684 2089 nili
702 2060 770 2100 quid
788 2058 958 2093 discriminis
980 2073 1012 2093 cx
1026 2062 1182 2096 adhxnonc
1206 2075 1251 2096 aut
1268 2064 1381 2098 affricta
1401 2069 1527 2101 oriatur,

308 2100 385 2135 «ujus
409 2099 463 2130 hoc
489 2104 518 2131 in
539 2100 606 2133 loco
626 2113 684 2134 non
701 2101 818 2134 habetur
832 2106 912 2135 ratio.
