1638 2345
265 104 570 139 'ACADEMIAE
609 107 908 145 HISTORIA.
941 109 1029 141 Ltss.
1061 110 1132 141 111.
1259 116 1309 153 263

89 149 203 181 fluentis
224 148 372 182 declivitas
398 175 407 188 ‚
431 150 512 182 simul
533 155 563 182 &
584 152 745 183 mensuram
773 164 853 195 aqua:
873 151 1015 183 effluentis
1036 164 1069 183 ex
1093 155 1179 184 variis
1198 160 1313 197 experi-

88 197 193 224 mentis
213 194 333 238 colligit.
365 194 546 238 Opusculum
573 195 612 225 est
630 197 725 238 paucis
745 198 855 239 paginis
887 192 1147 240 comprehensumJ
1165 196 1212 228 sed
1235 199 1315 240 quod.

88 236 178 269 multa
201 237 270 268 scitu
286 238 372 282 digna
393 237 601 283 compleffitur.

84 331 1318 380 ffffffffiffiflffiffizflffiffiffifffflffissiaffiffzffizfflzifflffifflss'

286 412 618 459 SECTIO
695 412 1127 461 SEPTIMA.

392 540 395 542 ’
450 524 510 564 De
535 521 646 565 Affis
685 537 776 564 anno
809 533 926 573 1690.

180 628 233 659 Uae
251 626 288 659 ad
307 630 474 659 Botanicam
495 626 620 670 spec‘tant
640 650 650 663 ‚
671 626 877 671 descriptiones
904 631 1042 660 nimirum
1068 627 1228 672 plantarum
1254 641 1317 672 qux

177 682 210 701 ex
231 675 315 703 variis
335 671 498 714 regionibus
514 675 544 702 δε
569 669 678 702 ultimis
701 670 779 701 orbis
801 682 938 702 terrarum
962 675 1020 702 oris
1036 673 1076 702 D.
1099 672 1316 703 Marehantcu-

83 725 114 745 ra
139 723 200 746 lunt
223 714 312 747 allatae
327 739 336 752 ,
362 714 513 745 abeodem
532 716 561 743 in
576 715 660 744 horto
687 715 781 757 Regio
805 714 943 751 excultat,
961 714 977 745 a
993 718 1033 746 D.
1055 714 1167 746 Dodart
1190 714 1316 758 descrip-

83 768 139 794 επ,
169 769 200 788 ac
217 759 334 790 demum
358 758 373 788 ὲ
398 760 437 788 D.
460 756 623 788 Chastillon
645 756 793 788 delineatae
820 761 851 788 &
873 761 921 788 aeri
947 760 1039 789 incisa:
1058 758 1171 789 silentio
1197 769 1316 801 ptaeter-

82 802 176 832 cunda
195 801 367 834 arbitramur
383 816 390 834 :
405 813 473 833 nain
491 802 546 831 hoc
561 803 654 844 operis
678 803 745 832 Deo
772 801 856 832 dante
875 800 924 833 suo
939 800 1004 832 loco
1030 805 1061 833 δέ
1080 812 1208 846 tempore
1226 804 1256 832 in
1273 800 1314 832 lu-

78 856 145 877 cem
165 845 299 889 prodibit.

368 973 617 1012 CAPUT
670 972 990 1011 PRIMUM.

313 1064 363 1093 De
384 1058 473 1094 rebus
497 1059 627 1108 Phyficis
643 1058 682 1098 ῤ’
702 1058 840 1106 Htssoria
861 1060 1066 1097 animalium.

82 1147 107 1178 1.
126 1146 261 1227 QUa:
287 1144 322 1175 ad
350 1144 498 1188 Phyficam
518 1145 640 1189 spectant
654 1169 663 1181 ‚
685 1146 732 1177 vel
761 1158 845 1177 mcrae
874 1147 936 1177 sunt
960 1143 1178 1189 speculationi5‚
1209 1143 1254 1175 vel
1275 1145 1309 1176 acl
1326 1144 1423 1187 Physt-

208 1189 287 1219 usum
308 1192 374 1218 virae
395 1201 440 1219 aut
456 1193 584 1231 corporis
605 1189 751 1221 sanitattm
774 1191 951 1224 referuntur,
976 1201 1038 1232 quae
1054 1199 1083 1219 ut
1108 1187 1175 1218 tulit
1190 1188 1310 1225 occasio,
1326 1199 1366 1220 ca.

82 1233 252 1263 colltoimus
268 1258 277 1271 ,
292 1230 312 1262 fi
334 1231 407 1264 furt&
433 1233 565 1263 nonnihil
587 1233 714 1263 utilitatis
740 1232 840 1264 afferre
861 1230 976 1275 possint.

128 1258 206 1307 Inotss
222 1274 351 1316 Phyfisas
366 1275 577 1306 observationes
602 1279 696 1317 primo
723 1276 787 1307 loco
812 1287 984 1319 reponamus
1001 1277 1073 1306 Irim
1093 1286 1154 1319 quat
1180 1273 1313 1316 Andega-

81 1322 111 1349 vi
137 1331 212 1349 anno
241 1319 376 1362 superiori
397 1319 442 1348 die
457 1332 478 1358 4
499 1319 567 1360 Julii
592 1320 645 1349 fuit
666 1319 834 1352 observatu
858 1321 941 1356 hujus
964 1319 1116 1361 descriptio
1130 1318 1144 1347 a
1166 1320 1205 1350 D.
1227 1318 1313 1348 Dela

83 1363 157 1392 Hire
171 1362 250 1391 miffa
265 1362 312 1391 est.
337 1360 387 1391 Sol
401 1364 429 1391 in
447 1363 599 1392 horizonte
615 1361 718 1405 pofitus
735 1388 743 1400 ,
761 1365 792 1392 in
816 1362 915 1392 occasu
937 1361 1039 1392 rubeus
1055 1361 1205 1404 apparebat
1220 1382 1230 1395 ,
1258 1363 1312 1392 Iris

81 1405 184 1436 itidtm
206 1415 265 1435 tum
288 1405 345 1434 visa
367 1407 446 1434 omni
471 1416 503 1434 ex
532 1416 608 1446 parte
632 1404 720 1434 rubeo
738 1405 835 1435 colore
852 1406 950 1436 tincta.

129 1450 177 1479 11.
213 1449 270 1478 Die
288 1459 312 1478 11
338 1449 439 1478 Martii
467 1449 507 1477 D.
533 1451 682 1490 Varignon
703 1447 819 1488 systema
844 1447 925 1478 suum
945 1447 980 1479 de
996 1451 1133 1490 gravitate
1154 1458 1308 1489 corporum

81 1491 231 1534 exposuit,
262 1491 342 1533 quod
361 1491 456 1534 postea
477 1489 581 1534 publici
608 1502 674 1531 iuris
698 1490 806 1521 fastum
829 1491 876 1522 est.

113 1537 149 1564 ll
166 1538 186 1565 Ι.
212 1536 290 1564 Cum
310 1534 356 1565 die
377 1546 401 1577 ¹5
420 1535 528 1576 Aprilis
542 1534 577 1564 de
591 1534 715 1564 fontium
735 1537 846 1576 origine
870 1533 961 1565 sermo
980 1533 1129 1564 haberetur
1143 1556 1152 1568 ‚
1170 1534 1210 1564 D.
1222 1536 1268 1565 De
1282 1534 1309 1564 la

81 1577 222 1621 Chapelle
240 1577 311 1608 illud
329 1577 344 1606 τὶ
363 1576 388 1607 se
410 1577 590 1608 observatum
608 1580 665 1612 air,
686 1588 787 1619 aquam
802 1576 958 1620 pluvialem
972 1577 1019 1608 ubi
1033 1580 1168 1619 pinguem
1186 1576 1309 1608 offendit

79 1632 184 1652 terram
200 1643 209 1657 ‚
234 1624 263 1650 in
284 1633 345 1651 eam
369 1620 448 1651 velut
465 1624 492 1651 in
519 1632 655 1651 craterem
682 1632 727 1651 aut
751 1620 844 1651 lacum
870 1623 970 1657 coire,
990 1631 1052 1663 qua:
1076 1620 1212 1662 paulatim
1231 1623 1309 1651 intu-

81 1665 198 1700 mescit,
221 1668 250 1695 &
276 1663 346 1707 saepe
366 1664 400 1694 ad
419 1667 556 1694 extimam
582 1664 667 1706 usque
683 1662 847 1706 supeficitm
869 1663 1019 1694 attollitur.
1045 1662 1133 1695 Unde
1158 1667 1187 1694 δε
1210 1663 1310 1695 alveo-

80 1707 102 1739 li
129 1711 157 1738 in
174 1708 296 1738 formam
318 1707 396 1749 pedis
420 1706 539 1738 anserini
560 1708 700 1738 ducuntur
715 1709 793 1748 aquis
814 1706 1005 1750 colligendis,
1032 1707 1078 1736 sed
1099 1705 1198 1737 multis
1226 1710 1253 1736 in
1270 1707 1310 1736 lo-

81 1754 121 1781 cis
134 1776 142 1787 ‚
159 1761 189 1781 ut
211 1754 239 1781 in
260 1751 347 1782 Belsia
366 1762 444 1792 aqua?
460 1750 558 1793 colligi
577 1761 719 1787 nequeunt
736 1772 745 1785 ,
758 1749 837 1792 quod
859 1761 931 1780 terra
945 1750 975 1781 sit
997 1749 1087 1780 levior
1103 1753 1133 1781 &
1154 1753 1230 1792 poris
1245 1762 1307 1792 per-

79 1796 130 1826 via
150 1807 157 1824 :
180 1797 217 1824 ira
243 1805 272 1824 ut
291 1794 369 1825 nulla
386 1805 522 1835 aquarum
539 1791 683 1837 congeries
696 1816 705 1828 ‚
731 1793 826 1824 nullus
846 1804 935 1825 crater
956 1792 1096 1825 efficiatur
1113 1807 1120 1824 :
1143 1792 1193 1825 ubi
1207 1794 1244 1823 est
1261 1792 1308 1822 ali-

82 1849 138 1880 qua
157 1836 324 1873 declivitas,
351 1837 387 1867 eo
410 1838 479 1879 scr-pe
500 1849 570 1879 aqua
592 1836 720 1867 confluit.

127 1883 189 1912 1V.
214 1880 324 1912 Eodem
344 1880 488 1912 consessus
505 1882 551 1912 die
572 1881 647 1912 idern
669 1883 712 1910 vir
735 1878 835 1911 clariss.
850 1878 1014 1922 quasdama
1036 1880 1077 1910 D.
1102 1878 1127 1909 lc
1142 1881 1217 1909 Brun
1237 1889 1309 1921 prx-

82 1922 248 1955 ssantiffinio
266 1924 364 1954 nostrae
379 1928 463 1955 :cratis
486 1927 595 1967 pictore
607 1947 616 1959 ,
635 1924 754 1954 lineares
769 1925 887 1953 humani
904 1922 1000 1953 vultus
1023 1922 1253 1952 adumbrationis
1271 1921 1309 1950 fa-

83 1970 141 1998 stas
160 1978 255 1997 coram
272 1967 400 1998 exhibuit
420 1968 524 2010 quibus
543 1979 643 1999 omnes
664 1970 751 1998 animi
766 1966 883 1998 affistns
900 1970 929 1997 δε
951 1965 1176 2008 perturbationes
1191 1964 1309 2006 pulchre

82 2015 288 2055 exprimuntur.
314 2012 454 2052 Magnum
483 2024 597 2056 quoque
620 2010 724 2042 succini
742 2010 860 2043 frustum
878 2008 999 2053 protulit
1019 2020 1077 2050 quo
1095 2008 1195 2038 muscae
1219 2006 1310 2049 quod-

83 2055 148 2086 dam
168 2065 256 2097 genus
275 2054 466 2086 concluditur.

128 2101 166 2130 V.
193 2099 262 2128 Hoc
283 2099 311 2127 in
331 2101 506 2139 vegetatione
528 2097 687 2141 plantarum
711 2095 914 2128 animadvertit
935 2096 975 2126 D.
999 2094 1129 2132 Gallois,
1148 2093 1254 2126 radices
1280 2096 1309 2124 in
