1638 2345
324 86 617 118 ACADEMIAE
650 86 923 120 HISTORIA.
959 85 1045 118 Lrnj
1077 89 1118 120 11.
1269 90 1319 120 181*

96 131 212 171 'attingit
230 130 259 159 in
269 128 332 172 palo
347 141 394 161 aur
408 131 465 161 alio
485 134 515 161 in
529 131 594 161 loco
613 131 785 175 designatam
798 155 807 168 ,
829 135 953 176 primum
970 129 1147 161 ascendendo
1158 153 1167 167 ‚
1182 140 1243 163 turn
1257 132 1319 162 des-

98 172 249 202 cendendo
262 195 270 207 ,
291 173 345 203 hoc
366 177 501 217 temporis
523 174 675 205 intervallo
722 178 752 205 in
773 175 841 207 duas
868 185 959 218 partes
985 173 1103 216 aequales
1123 175 1214 205 diviso
1231 189 1237 206 :
1270 178 1318 206 vix

97 216 178 246 enim
200 218 282 246 unius
303 218 405 247 minuti
426 228 504 248 error
520 221 611 260 potuit
631 221 762 262 irrepere.
1146 219 1150 225 ’

351 401 631 442 SECTIO
703 401 1044 447 OCTAVA.

481 500 542 540 De
570 498 700 542 ..Astis
722 514 814 539 anno
834 504 944 540 1680.

200 592 230 622 Ic
251 603 339 624 annus
367 597 449 626 novis
473 596 596 625 inventis
608 593 780 630 abundavit,
799 597 829 625 ὅ(
844 596 878 625 iis
895 596 1020 626 maxime
1038 606 1100 637 quae
1111 607 1145 626 ex
1158 607 1250 628 return
1262 607 1307 628 coe
1332 593 1433 635 'Astra-⁴

95 596 187 674 H
199 634 308 669 leffium
324 636 572 669 observationibus
588 638 749 674 ducuntur,
771 636 807 667 ab
826 639 859 667 iis
882 641 978 679 iraque
1000 641 1142 681 capiamus
1156 641 1315 672 exordium.
1332 640 1431 676 nomin

429 762 639 800 CAPUT
684 764 965 802 PRIMUM.

401 855 453 885 De
475 848 753 898 observationibus
776 850 1004 898 Astronamicis·

98 933 128 965 Ϊ.
145 934 378 1012 NUnquam
399 946 480 966 antea
504 939 596 978 major
611 940 639 968 in
663 938 847 980 Geographia
869 938 1063 969 Astronomiae
1083 937 1147 967 usus
1162 937 1247 980 quarn
1267 939 1322 971 hoc

242 978 303 1020 ipso
320 989 395 1008 anno
419 983 565 1021 appatuit,
584 983 634 1021 qui
660 979 695 1010 ad
721 981 962 1024 hydrographiam
985 991 1099 1021 quoque
1125 985 1254 1022 pertinet.
1281 985 1323 1013 Ex

100 1032 159 1064 quo
177 1024 253 1052 enim
265 1021 378 1064 Jupiter
402 1019 417 1049 Ξ
439 1021 574 1053 solaribus
596 1022 682 1053 radiis
699 1021 771 1054 liber
789 1027 819 1054 &
836 1024 942 1055 solutus
967 1022 1045 1058 fuit,
1070 1026 1205 1054 nimirum
1225 1028 1283 1066 jam
1307 1025 1324 1056 ὲ

100 1065 196 1095 mense
218 1065 310 1108 junio
335 1067 402 1095 anni
424 1063 574 1108 superioris
595 1087 605 1101 ,
624 1065 778 1097 satellitum
797 1066 914 1111 eclipses
936 1077 1038 1108 magna
1058 1077 1125 1097 cura
1147 1066 1209 1098 sunt
1231 1068 1325 1104 obser-¹

101 1117 186 1138 vatae.

144 1149 263 1192 Insignis
285 1149 338 1180 fuit
362 1161 395 1180 ex
419 1150 583 1193 interpositu
609 1154 695 1183 Lunae
716 1150 823 1195 eclipsis
840 1153 947 1195 Jovis,
971 1163 1034 1194 qux
1054 1152 1100 1186 die
1126 1163 1152 1192 ς.
1177 1153 1257 1195 ]υηίἰ
1275 1165 1324 1184 an-

101 1196 131 1223 ni
155 1201 229 1233 1679
253 1196 383 1235 contigit.
408 1195 488 1223 Luna
513 1195 618 1236 Jovern
638 1199 667 1225 δι
694 1198 753 1236 ejus
774 1195 906 1226 satellites
932 1195 968 1226 fic
989 1195 1130 1230 obduxit,
1156 1206 1185 1225 ut
1207 1197 1278 1226 nihil
1296 1200 1325 1228 in

101 1247 201 1267 eorum
218 1235 308 1279 figura
327 1247 466 1267 muratum
487 1236 593 1273 fuerit,
609 1249 691 1279 atque
714 1237 785 1268 adeo
805 1238 884 1269 nulla
903 1239 1016 1270 videtur
1041 1237 1094 1268 esse
1118 1237 1253 1270 sensibilis
1272 1240 1327 1270 At-

100 1280 259 1322 mosphaera
279 1282 365 1310 Lunae
389 1279 566 1313 circumfusa.
602 1283 681 1312 Tum
704 1284 789 1312 varice
813 1280 964 1312 satellitum
986 1281 1102 1324 eclipses
1124 1280 1140 1310 ὲ
1164 1281 1205 1311 D.
1231 1282 1326 1313 Caffi-

102 1333 142 1352 no
160 1322 312 1354 observatae
335 1325 366 1352 ὅ(
387 1321 495 1353 collatae
510 1322 623 1354 fuerunt
643 1335 708 1355 cum
730 1327 764 1354 iis
788 1324 852 1365 ipsis
872 1336 940 1367 quas
966 1326 1005 1356 D.
1028 1325 1065 1356 D.
1093 1324 1192 1354 Picard
1208 1328 1235 1355 &
1254 1326 1327 1358 dela

102 1366 179 1396 Hire
196 1391 204 1404 ,
231 1369 279 1407 qui
297 1376 358 1395 tum
377 1368 511 1408 temporis
542 1368 570 1395 in
594 1366 721 1409 partibus
745 1366 848 1398 Galliae
872 1367 1108 1398 occidentalibus
1127 1366 1328 1406 versabantur,

103 1420 161 1438 non
187 1411 292 1439 minori
312 1419 376 1438 cura
397 1408 544 1444 fecerunt,
566 1420 596 1439 ut
620 1420 653 1439 ex
674 1413 706 1440 iis
731 1408 944 1452 longitudinum
966 1410 1134 1441 differentiae
1153 1421 1326 1443 eruerentur.

104 1452 149 1481 Ac
168 1454 253 1494 primi
275 1450 398 1481 satellitis
421 1450 526 1481 futuras
546 1451 739 1482 immersiones
752 1453 787 1483 ad
801 1452 1009 1496 oppositionem
1029 1452 1114 1491 usque
1129 1454 1210 1495 Jovis
1227 1458 1255 1484 ἃ
1273 1456 1328 1485 So-

104 1493 138 1524 lis
162 1494 197 1524 ad
213 1505 261 1524 eos
288 1493 361 1524 misit
382 1495 486 1524 Boiam
511 1505 539 1526 v.
559 1497 699 1536 Baymne,
722 1494 770 1525 sub
793 1499 904 1527 initium
923 1496 1022 1526 niensis
1046 1495 1220 1537 Septembris
1241 1510 1247 1527 :
1268 1499 1327 1539 post

104 1539 195 1567 varias
217 1535 368 1578 utrobique
387 1548 483 1567 earum
510 1537 722 1568 immersionum
749 1537 835 1570 sistas
855 1538 943 1580 quiin
961 1537 1176 1580 diligentiflime
1195 1536 1329 1570 observa-

105 1582 195 1610 tiones
209 1602 218 1614 ,
238 1592 292 1623 qua
316 1583 422 1611 tatione
440 1580 569 1611 locorum
590 1581 783 1622 longitudines
804 1582 897 1613 multo
917 1585 1102 1612 accuratiores
1123 1581 1209 1625 quim
1231 1583 1328 1613 haste-

104 1634 157 1653 nus
177 1634 301 1665 unquam
314 1645 324 1658 ‚
349 1626 377 1653 in
392 1623 492 1654 tabulis
506 1625 711 1667 Gecgraphicis
736 1623 915 1666 designentur
931 1648 940 1660 ,
972 1626 1073 1668 scripto
1089 1625 1225 1667 exposuit.

146 1669 192 1698 11.
226 1668 270 1696 Ac
289 1670 414 1709 primum
439 1679 488 1710 per
514 1667 628 1710 eclipses
653 1670 740 1698 Lunae
760 1671 809 1697 vix
829 1680 873 1698 eas
893 1679 945 1699 nos
971 1667 1106 1710 conscqui
1126 1667 1203 1710 posse
1228 1669 1330 1700 admo·

107 1719 154 1739 net
168 1731 177 1744 ‚
203 1709 281 1752 quod
306 1720 343 1738 επ
365 1709 429 1739 raro
450 1712 638 1753 contingant,
654 1722 736 1752 atque
751 1711 917 1741 Astronomi
938 1712 996 1741 fere
1014 1710 1152 1752 nusquzrn
1166 1723 1330 1752 occurrunt,

108 1755 157 1792 qui
172 1763 237 1787 eas,
260 1763 289 1782 ut
313 1764 360 1794 par
380 1753 417 1782 cst
434 1775 442 1787 ‚
466 1752 628 1784 observent.
656 1754 846 1796 Praeterquam
859 1753 1062 1785 difficillimum
1081 1755 1118 1784 est
1135 1754 1266 1786 umbram
1284 1768 1331 1787 to-

108 1794 193 1824 talem
211 1795 224 1823 ὲ
242 1794 354 1836 partiali
379 1797 519 1826 secernere
531 1819 539 1830 ,
561 1796 631 1826 adeo
650 1808 682 1827 ur
710 1797 875 1828 Astronomi
891 1797 988 1841 sapitis
1004 1798 1108 1829 haetete
1124 1809 1278 1840 cogantur,
1297 1802 1328 1830 δε

112 1837 242 1867 dubitare
255 1838 435 1877 quandonam
453 1843 566 1883 incipiat
576 1851 623 1870 aut
641 1838 748 1870 desinat
771 1843 859 1871 Luna:
879 1839 1003 1884 Eclipsis.

154 1882 223 1910 111.
249 1882 344 1921 Qare
367 1881 526 1913 satellitum
550 1882 764 1925 Joviseclipses
787 1882 924 1915 adhibere
946 1881 1053 1914 necesse
1075 1883 1128 1915 fuit
1144 1895 1205 1926 quae
1220 1888 1249 1915 δε
1268 1883 1327 1914 fre-'

106 1935 228 1966 quentes
250 1923 329 1959 linit,
348 1927 377 1954 ὅ(
398 1928 443 1954 vix
464 1937 560 1967 quarta
581 1938 658 1969 parte
679 1929 761 1956 unius
782 1929 887 1958 minuti
900 1931 928 1958 in
952 1939 1079 1958 errorem
1103 1928 1258 1957 inducunt:
1281 1926 1326 1958 sed

112 1977 220 2010 tenipus
233 1977 296 1996 ante
317 1968 543 2007 cognoscendum
566 1980 625 1999 erat
639 1991 647 2004 ,
665 1980 696 2000 ut
718 1968 752 1998 ad
775 1981 870 2000 earum
888 1970 1117 2001 observationem
1135 1973 1221 2012 parati
1241 1969 1327 2000 essent

112 2010 277 2040 Asttonomi
294 2032 302 2044 ,
322 2021 372 2039 ntc
393 2011 494 2041 tabulae
509 2023 572 2042 ante
587 2013 638 2043 hac
660 2017 689 2043 in
711 2024 772 2043 eam
789 2024 847 2043 rem
866 2014 1013 2044 elaborata:
1033 2010 1182 2043 satellitum
1195 2010 1325 2053 configu-

111 2057 234 2084 rationes
255 2063 300 2083 aut
326 2064 434 2097 tempus
457 2055 548 2098 ipsum
567 2056 627 2087 satis
644 2055 815 2089 indicabant.
839 2057 888 2088 De
904 2057 947 2087 his
962 2060 1048 2099 igitur
1066 2054 1244 2086 elaborandis
1255 2057 1327 2087 olim

1079 2100 1103 2128 z
1130 2100 1160 2140 iij
