1638 2345
197 182 288 214 Anu.

200 229 288 265 1693.

314 145 375 177 294
607 127 788 164 chxffl
832 122 1248 157 SCIENTIARUM

648 253 860 293 CAPUT
906 252 1189 292 PRIMUM.

673 348 719 380 De
745 341 872 392 Phyficis
904 339 1185 389 obsim-itionibus.

320 437 347 467 1,
361 431 444 511 N
464 431 516 462 On
539 427 653 460 aliunde
675 428 777 461 melius
797 441 859 502 ῗυε
881 427 943 460 sunt
969 426 1093 469 Physica:
1107 425 1360 469 contemplationis
1379 426 1468 457 orditi
1485 426 1547 471 poss

460 473 553 506 sumus
572 471 658 516 quiem
678 472 694 503 a
713 472 802 504 Parhe
816 476 849 503 iis
868 483 931 515 qua:
949 471 964 501 ὲ
982 472 1022 501 D.
1046 468 1153 502 Caffini
1175 471 1221 501 dic
1241 473 1273 499 18
1293 469 1420 511 Januarii
1433 470 1483 501 sub
1500 483 1549 502 or-

322 531 384 551 tum
399 518 477 551 Solis
506 515 620 547 fuerunt
648 515 807 547 observata.
833 514 923 546 Coelo
955 526 989 545 ex
1019 525 1050 543 ea
1084 525 1161 556 parte
1184 512 1306 544 nubibus
1325 511 1475 551 obdussto,
1495 514 1550 545 ho-

320 565 442 594 rizontis
464 559 585 592 limbum
609 558 661 590 ubi
685 558 735 590 Sol
760 569 908 590 exorturus
928 569 987 588 crat
1005 579 1014 593 ‚
1032 556 1103 587 hora
1127 556 1244 600 septima
1267 560 1298 588 &
1316 560 1348 594 38
1366 559 1437 588 min.
1452 556 1550 588 lumen

322 604 506 649 splendidum
520 606 633 643 ,'cujus
650 602 787 634 diameter
808 612 945 645 apparens
970 601 1109 632 diametro
1132 599 1208 631 Solis
1235 599 1348 644 aequalis
1369 599 1521 631 videbatur
1539 622 1550 637 ,

323 659 393 680 mox
409 652 504 691 imago
521 646 597 678 Solis
615 649 689 677 inter
704 644 839 676 nebulam
860 645 922 675 luce
943 643 1086 688 perfusam
1099 645 1129 674 in
1144 643 1331 687 conspeetum
1347 645 1425 673 venit
1437 664 1448 678 ,
1467 643 1554 675 radiis

322 694 352 722 in
375 693 560 723 horizontem
576 689 612 720 ad
628 700 760 719 normam
779 690 899 727 creetis,
919 691 950 719 ὅ(
976 687 1010 718 ad
1031 686 1212 718 altitudinem
1237 686 1324 728 usque
1353 697 1388 717 ro
1410 685 1552 728 graduum

323 737 353 765 in
379 738 492 778 apicem
513 732 714 764 desinentibus.
735 734 802 763 Hoc
825 733 1041 763 Phaenomenon
1064 733 1188 773 primum
1214 733 1253 762 D.
1270 728 1403 761 cassinus
1430 741 1483 772 pro
1502 743 1554 761 ve-

323 789 356 809 ro
374 778 441 809 Sole
461 788 625 820 acceperat,
649 775 695 807 sed
715 776 806 807 statim
829 775 886 819 ipse
899 774 1008 818 prodiit
1026 784 1056 805 ut
1075 774 1174 804 sereno
1193 774 1271 805 roelo
1283 773 1395 816 fulgens
1411 775 1443 803 &
1463 775 1492 804 in
1505 785 1554 805 eo-

323 821 390 852 dem
414 821 550 853 verticali.
576 822 659 850 Brevi
677 820 738 862 post
754 830 882 862 tempore
905 818 957 850 Sol
973 818 998 848 se
1015 816 1146 848 condidit
1159 819 1188 847 in
1203 817 1293 849 nubes
1304 839 1314 852 ,
1328 828 1360 847 ac
1383 814 1479 847 subito
1496 828 1556 848 ter-

324 867 380 895 tius
393 887 402 900 ‚
415 864 541 904 ejusdem
559 861 764 905 magnitudinis
782 866 812 893 ἃς
836 864 865 892 in
877 861 975 892 cadem
993 860 1067 891 linea
1089 861 1129 891 sui
1149 863 1261 904 copiam
1290 859 1356 891 fecit
1374 881 1385 895 ‚
1407 859 1478 890 lucis
1502 860 1555 891 suae

325 910 470 938 tramitem
491 907 567 938 infra
594 907 759 936 demittens.
795 907 915 935 Interim
932 908 981 948 qui
1009 902 1089 946 prius
1112 915 1279 946 apparuerat
1305 902 1356 934 Sol
1377 903 1486 933 surius
1503 903 1556 935 ad-

325 951 381 980 huc
398 950 564 981 cernebatur
579 975 589 988 ‚
609 960 640 979 ac
663 947 779 979 tandem
799 948 869 978 hora
896 946 1014 991 septima
1037 949 1068 986 58
1089 949 1160 977 min.
1177 958 1294 991 uterque
1317 945 1357 977 sol
1376 916 1425 977 iile
1444 945 1555 989 spurius

326 997 455 1024 evanuit.

370 1038 420 1067 11.
446 1035 605 1066 Consimilc
627 1033 767 1083 quiddam
785 1034 895 1066 viderat
908 1036 936 1064 in
952 1034 1105 1065 Provincia
1125 1035 1167 1065 D.
1187 1031 1340 1064 Chazelles
1359 1034 1468 1076 Regius
1489 1035 1557 1076 Hy-·

327 1079 509 1122 drograpbiae
530 1077 693 1115 Profcssor,
713 1090 788 1109 nunc
807 1078 970 1109 Academiae
993 1080 1092 1109 Socius
1112 1090 1187 1108 anno
1214 1080 1286 1107 1686
1307 1078 1353 1107 die
1377 1089 1403 1116 ¹3
1425 1079 1556 1120 Septem-

327 1123 396 1153 bris.
415 1122 589 1165 Tranquillo
608 1125 678 1153 mari
691 1121 782 1153 discus
802 1122 876 1154 Solis
899 1121 1010 1164 fulgens
1024 1144 1032 1156 ‚
1056 1121 1101 1151 sed
1121 1132 1247 1152 extremo
1269 1125 1396 1163 margine
1409 1121 1486 1151 male
1500 1133 1559 1152 ter.

328 1169 436 1197 minato
457 1178 602 1209 emergere
624 1168 697 1196 inter
712 1164 815 1196 rubeos
832 1177 951 1208 vapores
972 1165 1045 1195 visus
1068 1165 1115 1196 est.
1141 1166 1213 1194 Mox
1236 1166 1386 1206 interjefto
1407 1164 1484 1195 horae
1501 1168 1558 1196 mi-

328 1219 400 1240 nuto
420 1209 494 1251 quali
512 1209 563 1240 Sol
579 1209 629 1240 sub
648 1210 802 1239 horizonte
825 1219 1005 1244 remaneret,
1030 1208 1197 1238 dimidiatus
1211 1211 1269 1246 ejus
1292 1208 1383 1238 dilcus
1401 1206 1489 1238 rubeo
1515 1211 1558 1239 iti-

328 1251 396 1283 dem
416 1253 512 1284 colore
525 1252 658 1287 infectus,
680 1252 725 1282 sed
746 1251 894 1292 aequabilis
915 1255 946 1282 &
968 1250 1103 1293 exquisite
1118 1254 1286 1282 terminatus
1300 1254 1428 1294 apparuit
1441 1273 1451 1286 ,
1471 1262 1558 1293 quem

331 1294 466 1337 splendor
495 1295 601 1326 nitidus
620 1294 737 1325 luminis
754 1295 792 1324 cst
816 1293 999 1330 subsecutus,
1016 1297 1120 1337 quique
1145 1297 1174 1324 in
1197 1305 1301 1324 conum
1325 1294 1419 1326 versus
1438 1295 1559 1326 horizo-

332 1349 389 1369 tem
417 1338 508 1370 desiit.

375 1383 473 1425 Itaque
498 1385 589 1425 prima
607 1380 655 1411 illa
675 1380 751 1412 Solis
772 1380 875 1425 species
897 1380 1056 1425 parhelium
1068 1391 1146 1416 erat,
1169 1381 1292 1422 ejusdcm
1310 1390 1375 1411 cum
1396 1384 1484 1424 priori
1509 1387 1562 1411 na-'

331 1434 424 1460 tune,
441 1424 487 1456 sed
510 1436 569 1455 non
594 1424 665 1454 adeo
692 1424 863 1467 pcrfestum.
887 1427 920 1454 In
936 1425 992 1455 hoc
1010 1428 1086 1455 enim
1108 1424 1123 1454 ὲ
1153 1425 1190 1454 D.
1212 1422 1318 1454 Caffini
1339 1423 1490 1455 observato
1508 1423 1560 1455 Sol

332 1479 415 1499 verus
434 1471 509 1500 inter
530 1467 602 1499 duos
626 1469 736 1510 spurios
755 1469 920 1510 interjedius
944 1479 1020 1499 erat:
1051 1471 1081 1499 &
1101 1466 1144 1497 illi
1168 1467 1226 1498 duo
1249 1467 1344 1498 radios
1366 1470 1395 1498 in
1416 1467 1561 1512 oppositas

334 1511 396 1542 Soli
415 1522 524 1554 partes,
546 1523 619 1542 unus
639 1511 747 1543 sursum
762 1534 771 1547 ‚
794 1511 863 1542 alter
885 1511 1017 1542 deorsum
1034 1510 1195 1542 vibrabant.

372 1555 492 1586 Ferrato
504 1556 586 1597 hujus
605 1558 716 1598 generis
735 1556 927 1586 Pbaenomena
937 1565 1106 1597 contingunt
1119 1579 1127 1590 ‚
1139 1565 1200 1596 qua:
1212 1553 1274 1585 Soli
1291 1553 1342 1584 fint
1357 1553 1426 1584 adeo
1445 1557 1559 1585 vicina.-

335 1608 399 1628 nam
417 1609 512 1629 centra
526 1610 626 1629 eorum
640 1597 655 1628 ὲ
667 1609 766 1629 centro
776 1598 851 1630 Solis
876 1611 915 1639 34
931 1597 1134 1628 tantummodo
1146 1599 1261 1628 minutis
1272 1596 1411 1628 distabant
1426 1611 1432 1628 ε
1455 1609 1519 1628 cum
1530 1601 1562 1627 in

334 1640 497 1682 vulgaribus
517 1641 657 1672 Parhcliis
677 1653 711 1672 22
725 1642 858 1684 gradibus
876 1653 942 1672 cum
963 1640 1070 1672 semiss‘e
1086 1641 1229 1672 interdum
1250 1652 1286 1681 45
1306 1653 1349 1684 gr.
1367 1640 1382 1670 a
1397 1651 1494 1672 centro
1509 1651 1560 1672 ve-

334 1695 357 1714 ιι
384 1684 460 1715 Solis
482 1697 691 1717 removeantur.

381 1730 449 1757 111.
476 1730 541 1770 Qa
563 1732 673 1760 ratione
698 1740 729 1760 ea
752 1727 870 1761 formari
896 1728 1001 1773 possint
1018 1752 1026 1766 ‚
1047 1728 1173 1774 exposuit
1199 1730 1240 1760 D.
1265 1725 1393 1763 Caffini‚
1417 1727 1501 1771 idque
1530 1738 1561 1758 ut

336 1770 512 1814 probabilius
531 1772 688 1808 existimat,
711 1773 793 1813 hujus
818 1777 928 1816 generis
953 1773 1103 1808 Parhelia,
1125 1784 1182 1803 non
1196 1783 1225 1803 ut
1241 1771 1404 1814 pervulgata
1430 1783 1463 1801 cx
1477 1771 1562 1801 refle—

337 1816 422 1844 xione
435 1835 445 1849 ‚
465 1818 495 1845 &
517 1814 685 1846 refractione
708 1817 853 1847 radiorum
866 1840 876 1852 ‚
897 1816 942 1846 sed
956 1829 989 1847 cx
1012 1816 1068 1847 sola
1085 1815 1238 1846 reflexione
1253 1814 1375 1859 prodire.
1399 1815 1471 1845 Non
1484 1817 1561 1845 enim

339 1860 368 1887 in
389 1860 423 1887 iis
440 1868 497 1888 erat
514 1857 570 1887 ulla
590 1858 720 1890 colorum
735 1862 873 1895 varietas·,
894 1859 1043 1904 pallidiora
1066 1858 1267 1890 tantummodo
1281 1857 1465 1902 apparebant.
1513 1870 1563 1888 ua-

336 1912 368 1930 re
385 1900 534 1943 quaerenda
556 1900 618 1932 sunt
639 1904 668 1931 in
689 1905 753 1933 a'e're
769 1903 896 1944 frigido,
919 1903 1010 1947 qualis
1029 1915 1089 1935 tum
1111 1915 1169 1934 erat
1183 1925 1192 1938 ,
1218 1913 1339 1944 corpora
1353 1912 1415 1943 qux
1436 1902 1563 1943 ejusmo.'

338 1943 368 1975 di
391 1943 576 1975 reflexionem
591 1945 735 1977 radiorum
757 1946 861 1989 possint
881 1946 990 1977 efficere
1008 1961 1014 1979 z
1035 1950 1112 1989 cujus
1123 1948 1232 1988 generis
1251 1944 1304 1976 effe
1324 1944 1437 1988 possunt
1461 1943 1560 1976 lamel-

340 1987 374 2017 la-
395 1986 494 2028 glaciei
516 1998 631 2024 rennes,
647 1992 677 2019 δέ
699 1987 749 2020 sibi
769 1989 909 2032 parallela-
927 2001 1058 2033 ranquam
1085 1989 1185 2020 foliola
1203 1988 1324 2031 glaciei,
1341 1990 1356 2020 ὲ
1374 1988 1478 2032 quibus
1491 1988 1558 2030 satpe

340 2030 455 2061 stellula:
470 2034 544 2062 nivis
561 2031 732 2064 coalescunt.
756 2034 796 2063 Ex
816 2036 850 2063 iis
870 2035 946 2063 enim
961 2045 1036 2065 ceria
1057 2033 1179 2076 quadam
1200 2036 1308 2063 ratione
1332 2031 1472 2076 dispositis
1485 2031 1558 2071 ejus-

342 2074 420 2103 modi
442 2074 584 2105 radiorum
612 2075 687 2106 Solis
708 2076 742 2107 :id
764 2076 863 2107 oculos
890 2076 1051 2119 speetatoiis
1071 2075 1256 2107 reflexionem
1280 2075 1341 2107 fieri
1365 2075 1440 2118 polse
1456 2073 1559 2118 probat

343 2118 383 2148 D.
405 2116 522 2152 Caffini.
545 2120 605 2162 Qi
627 2131 658 2151 ca
675 2122 782 2152 ratione
807 2119 949 2152 celebrem
969 2119 1047 2151 illam
1074 2123 1243 2152 Batavorum
1264 2119 1491 2152 observationem
1511 2128 1558 2157 ut-¹
