1638 2345
175 166 264 193 ΑΝΝ.

175 214 258 243 1669.

289 126 327 152 62
581 118 767 150 REGIAE
801 117 1182 150 SCIENTIARUM

288 164 363 194 turni
379 162 424 194 seu
436 159 564 206 plumbei
581 161 754 193 solutionem
763 160 867 196 turbat,
880 164 929 204 qui
943 160 1065 192 lacteum
1083 173 1139 204 pta:
1160 162 1186 192 se
1205 163 1261 195 fert
1274 162 1412 195 colorem.
1424 163 1516 203 Qod

286 204 398 238 indicio
421 206 459 237 cst
477 204 563 236 salem
575 231 584 244 ‚
604 207 654 249 qui
674 205 718 235 his
758 202 842 235 lantis
868 204 938 235 inest
950 226 959 240 ,
975 203 1159 247 sulphureum
1172 206 1291 247 quidem
1304 204 1357 237 esse
1371 228 1380 243 ‚
1404 205 1450 237 sed
1464 209 1516 237 mi-

285 260 337 280 nus
357 249 523 280 terrestrem.
539 250 572 278 In
594 247 729 280 Lavendu
743 259 766 278 ae
780 269 788 282 ‚
811 246 1006 279 Rotismarini
1027 251 1056 278 &
1072 248 1266 280 consimilium
1284 251 1445 293 plantarum
1458 249 1518 280 suc-

284 303 319 323 co
337 292 407 323 inest
428 292 466 323 sal
484 291 634 327 subtilior,
660 294 711 333 qui
736 289 800 321 salis
825 289 937 334 plumbi
962 289 1136 322 solutionem
1156 303 1215 323 non
1238 295 1342 324 turbat.

315 337 371 366 IX.
402 336 497 377 Atque
517 345 550 364 ex
568 337 602 365 iis
625 332 843 377 probationibus
861 333 949 377 quam
972 337 1036 376 puri
1056 333 1110 366 fint
1132 334 1172 367 sul
1196 337 1279 368 hurei
1292 337 1361 368 sales
1374 358 1384 372 ‚
1402 340 1518 377 conjec-

287 381 338 409 tari
361 378 436 410 licet.
466 379 527 419 Q
555 381 634 409 enim
653 377 784 415 vitrioli,
808 376 871 408 salis
890 376 1002 420 plumbi
1021 403 1029 414 ‚
1053 389 1100 408 aur
1124 378 1175 410 sub
1188 382 1266 411 imari
1287 382 1421 411 mercurii
1442 378 1519 410 soln-

287 423 397 452 tionem
419 425 509 464 magis
537 424 651 463 tingunt
670 431 717 452 aut
737 420 920 452 confundunt
937 443 946 456 ,
967 431 999 451 ut
1029 419 1096 451 sales
1116 422 1130 452 ὲ
1152 422 1295 455 cineribus
1318 425 1437 455 extracti
1454 445 1464 459 ,
1488 424 1519 453 hi

287 467 377 507 inagis
402 465 543 496 rerrestres
566 464 737 504 judicantur.
765 466 830 494 Imo
852 466 936 494 exiis
964 467 1038 495 vires
1062 465 1181 496 medica·
1202 468 1390 507 quarumdam
1407 466 1518 510 plania-

288 518 351 538 rum
373 508 524 539 ducuntur.
543 509 618 548 Qae
640 518 684 538 ex.
705 518 747 550 gr.
777 506 944 538 vulnerariae
966 506 1100 538 dicuntur
1113 531 1123 544 ,
1157 509 1270 540 acidum
1287 510 1408 542 exedens
1425 521 1522 540 carnes

289 550 345 581 sale
371 550 420 582 suo
443 550 593 593 sulphureo
616 549 780 582 absorbent.
803 550 898 591 Atque
918 549 946 581 hi
968 549 1128 594 plantarum
1151 552 1224 583 succi
1245 575 1253 587 ‚
1272 557 1342 585 accii
1368 552 1445 585 illius
1470 555 1520 595 qui

288 592 338 624 sali
359 592 470 636 plumbi
492 593 562 624 inest
585 592 699 624 aculeos
724 591 760 623 fic
784 590 974 628 obtundunt,
991 604 1021 624 ut
1045 592 1141 636 liquor
1160 606 1193 626 cx
1215 597 1251 626 iis
1262 595 1407 628 extillcrur
1424 598 1522 627 omnis

289 635 397 679 saporis
417 648 526 679 expers.

324 681 365 712 X.
376 682 450 722 Qae
460 679 494 711 fit
507 679 694 721 quarumdam
705 678 857 712 herbarum
865 677 1029 711 constitutio
1041 702 1051 716 ,
1065 692 1127 724 qua:
1141 693 1236 714 natura
1249 705 1259 718 ‚
1269 682 1283 713 ἰ·
1293 694 1396 714 tarrato
1406 694 1456 719 ,ut
1470 695 1520 714 vo-

289 733 371 758 cant,
391 722 437 754 vel
462 722 599 764 crystallis
618 734 682 767 qua:
703 727 732 755 in
757 723 843 754 succis
860 732 956 754 earum
973 723 1117 767 deputatis
1138 729 1166 756 in
1188 725 1293 769 frigido
1312 724 1377 757 loco
1390 725 1521 757 concrcs·

288 776 374 804 cunr,
399 766 546 811 postquam
562 777 624 809 pars
641 778 737 798 earum
755 765 849 809 aliqua
861 764 1026 802 exhalavit,
1046 767 1223 811 perspedium
1243 767 1298 799 esse
1318 770 1418 812 potest.
1441 771 1524 801 Nam

292 808 328 839 sal
343 809 390 840 ille
407 808 580 845 effentialis,
601 808 646 841 seu
671 821 807 842 tartarum
833 812 862 840 in
881 811 983 839 amaris
1004 809 1108 853 plantis
1125 834 1134 846 ,
1158 824 1186 844 ur
1203 817 1230 843 in
1257 813 1376 845 fumaria
1389 839 1397 851 ,
1415 813 1523 845 carduo

291 850 445 885 benedicto
466 856 515 884 &c
535 853 656 884 nitrosus
682 854 720 884 est
743 857 772 884 δέ
796 852 967 894 salempctm:
992 851 1098 889 refert3
1125 857 1155 885 in
1173 855 1345 892 acrioribus,
1362 867 1392 887 ur
1411 859 1439 887 in
1456 857 1523 888 nas-

295 898 381 927 turtio
400 895 558 927 admodum
579 896 617 927 est
629 895 754 928 volatilis
771 909 779 932 3
805 899 834 926 in
860 894 967 931 acidss,
987 907 1019 927 ut
1042 898 1070 926 in
1086 900 1194 930 acetosa
1207 923 1216 935 ‚
1233 902 1327 941 pomis
1345 899 1500 943 agrestibus
1513 926 1524 940 ,

293 937 436 969 fructibus
450 941 623 975 immaturis,
642 951 743 971 tartaro
767 942 827 970 vini
846 950 905 969 non
926 939 964 970 est
984 938 1130 971 absimilis.

321 984 379 1014 XI.
404 982 553 1013 Postremo
575 995 637 1026 quae
659 981 692 1013 sit
713 982 819 1025 planrae
837 986 987 1024 temperies
1011 1005 1021 1017 ‚
1046 995 1092 1014 aut
1115 983 1218 1028 quibus
1238 986 1344 1017 constet
1361 989 1522 1030 principiis,

291 1034 326 1054 ex
340 1027 420 1067 aquis
435 1025 575 1056 distillatis
590 1048 598 1060 ,
624 1037 657 1055 ex
676 1024 836 1067 liquoribus
851 1036 912 1055 tum
935 1025 1022 1056 acidis
1038 1048 1047 1060 ‚
1067 1037 1127 1056 rum
1148 1026 1303 1069 sulphureis
1315 1055 1324 1067 ‚
1344 1031 1415 1061 olcis
1433 1033 1461 1060 &
1482 1030 1522 1060 sa-

292 1066 366 1098 libus
391 1068 522 1110 dignosci
543 1079 685 1111 utcunquc
710 1069 807 1112 potest.
825 1070 918 1110 Aquae
939 1067 1140 1100 exrillanturin
1165 1069 1269 1102 balneo
1282 1076 1367 1103 maris
1381 1095 1390 1107 ,
1409 1072 1524 1116 spiritus

292 1111 366 1142 acidi
379 1110 423 1141 vel
434 1122 510 1142 acres
524 1114 553 1142 in
565 1111 667 1142 balneo
676 1111 820 1155 vaporoso
832 1134 842 1146 ,
863 1122 894 1142 ut
903 1121 1018 1146 vocant,
1033 1123 1080 1142 aut
1091 1115 1119 1142 in
1132 1112 1344 1156 refrigeratorio
1353 1139 1363 1151 ‚
1374 1119 1403 1147 in
1416 1127 1523 1147 retorta

291 1154 363 1186 verb
380 1153 506 1196 liquores
525 1165 587 1186 turn
599 1154 748 1189 acidiora,
760 1166 821 1185 rum
839 1153 927 1185 oleon
941 1157 1058 1196 majoris
1070 1157 1142 1198 ignis
1158 1159 1186 1187 vi
1202 1157 1387 1194 attolluntur3
1401 1158 1468 1190 sales
1485 1159 1522 1190 fi-

294 1199 323 1228 xi
343 1198 405 1240 post
430 1197 649 1229 calcinationem
673 1210 722 1241 per
737 1198 835 1228 lixivia
846 1197 1003 1229 educuntur
1016 1198 1032 1228 ὲ
1055 1198 1209 1231 cineribm.

325 1243 393 1284 Qa
411 1252 480 1270 vero
504 1244 611 1272 tatione
631 1251 708 1283 aqua:
732 1244 761 1272 &
778 1238 847 1271 sales
869 1241 982 1284 probari
1002 1244 1032 1272 ἅτ
1056 1242 1177 1284 expendi
1198 1242 1302 1287 poffinr
1319 1270 1327 1283 ,
1351 1255 1410 1276 tuni
1437 1244 1521 1277 fusius

295 1283 447 1326 exposuit,
471 1283 558 1325 idque
578 1283 626 1314 suo
652 1284 717 1315 loco
737 1283 899 1316 reddemus.

663 1403 960 1438 CAPUT
1034 1404 1157 1440 111.

297 1499 345 1527 De
368 1493 518 1526 Batanicae
529 1491 590 1538 stu
600 1489 637 1525 de
653 1502 686 1525 re
702 1487 866 1528 herbaria,
878 1502 915 1523 ac
928 1491 1068 1538 primum
1089 1490 1126 1524 dc
1138 1489 1224 1538 fisci
1237 1494 1368 1526 vafritie*
1389 1493 1526 1544 inplan-

807 1549 851 1575 us
871 1550 1012 1577 ctrcultu.

301 1628 323 1655 1.
401 1627 431 1656 N
457 1626 518 1668 ipso
534 1637 606 1668 pene
626 1626 763 1657 nascentis
782 1626 946 1657 Acadcmiae
964 1626 1082 1657 exordio
1103 1628 1279 1668 conjecturas
1303 1627 1360 1659 suas
1380 1628 1415 1659 dc
1432 1632 1524 1661 circu·

350 1631 501 1705 Ilarione
519 1669 591 1700 succi
611 1672 722 1700 nutritii
747 1672 774 1700 ²n
793 1669 897 1713 plantis
920 1670 1103 1714 proposuerat
1125 1671 1165 1700 D.
1193 1671 1319 1701 Perraulr
1333 1693 1342 1705 ,
1361 1683 1426 1702 cnm
1450 1676 1525 1704 inre-r

304 1712 493 1743 Acad1mic05
513 1713 553 1742 D.
571 1712 708 1743 Marione
724 1714 854 1744 nondum
872 1711 937 1744 esset
949 1714 1060 1744 ascitus.
1077 1715 1136 1744 Hic
1153 1714 1199 1744 dic
1216 1726 1262 1753 27.
1280 1714 1358 1756 Junii
1373 1720 1524 1758 :inui1667

304 1766 368 1785 cum
389 1754 425 1784 dc
444 1754 525 1785 rebus
549 1757 692 1786 Boranicis
721 1755 813 1787 strrno
837 1756 987 1787 haberetur
1004 1780 1012 1792 ‚
1034 1755 1124 1786 rnulra
1145 1756 1159 1786 i
1182 1756 1205 1786 sc
1229 1758 1375 1788 observata
1396 1759 1525 1801 protulit,

304 1797 407 1839 quibus
430 1797 500 1829 succi
519 1802 627 1829 nutritii
653 1801 682 1828 in
708 1799 833 1842 plantis,
851 1811 881 1831 ur
903 1799 1042 1843 sanguinis
1063 1811 1090 1829 in
1111 1800 1279 1831 animalibus
1297 1803 1428 1832 circuitus
1454 1814 1526 1845 pene

303 1842 519 1874 dtmonstratur.
539 1843 596 1872 Rcs
619 1841 689 1872 adeo
711 1842 767 1873 visa
787 1844 824 1874 est
847 1843 980 1874 omnibus
999 1843 1082 1885 digna
1095 1868 1102 1878 ,
1128 1854 1190 1884 qua·
1210 1844 1358 1886 uiligcnrer
1383 1845 1527 1888 expcnde·

302 1895 387 1917 retur.
408 1884 506 1915 Ambo
529 1884 590 1916 sunr
607 1888 698 1927 rogari
718 1897 748 1916 ut
773 1889 961 1928 cogitationes
992 1887 1051 1916 suas
1067 1890 1095 1916 a&
1117 1889 1237 1916 rationis
1260 1891 1389 1929 proxima
1403 1888 1449 1919 die
1463 1901 1526 1931 pro-

304 1939 452 1968 ponerent.
476 1929 566 1972 Qud
588 1927 621 1958 ab
641 1940 760 1971 utroque
781 1928 888 1960 faCtum
911 1929 983 1965 fuir,
1012 1941 1043 1960 ac
1066 1942 1091 1972 p«
1106 1929 1157 1959 stca
1175 1933 1202 1960 in
1222 1931 1423 1962 cantaminibus
1446 1933 1526 1973 Phy-

304 1968 364 2002 sicis
382 1973 410 2000 in
430 1971 576 2013 publicum
598 1970 699 2014 gmissis
716 1973 878 2004 scnrcmiam
898 1973 1016 2016 quisquc
1042 1973 1116 2003 sil-m
1132 1976 1210 2004 razio:
1227 1973 1288 2004 ibus
1302 1980 1328 2005 ἅ
1344 1978 1526 2018 experimen-

304 2016 339 2043 ris
362 2018 499 2045 munitam
526 2015 672 2045 mandavit
695 2015 804 2046 litteris.
833 2018 1015 2057 Conjcc‘tura:
1040 2017 1079 2046 D.
1107 2016 1232 2048 Pcrmult
1259 2021 1289 2048 δε
1313 2017 1524 2050 observationes

302 2059 358 2095 jam
383 2057 508 2099 superius
526 2057 587 2091 sunt
605 2058 744 2101 exposirtc.
769 2061 872 2101 Qaea
896 2062 937 2091 D.
960 2062 1096 2091 Marisrre
1124 2059 1187 2093 sunt
1204 2060 1373 2098 observata,
1401 2060 1524 2094 summa—

304 2102 355 2129 tim
372 2104 518 2142 attingam.
