1638 2345
286 133 348 161 370
599 123 786 156 REGIAE
833 120 1245 155 SCIENTIARUM

172 168 259 198 Ans.
283 166 397 198 fzcilior
420 165 487 198 effet
501 170 612 199 attritus
640 167 767 210 lapidum
782 189 790 201 ‚
811 168 949 196 nimirum
971 163 989 196 fi
1010 164 1144 207 cujusque
1164 165 1266 209 lapidis
1288 166 1437 211 superioris
1457 181 1520 214 pars

173 218 261 252 1696.
284 213 388 241 extima
404 213 434 241 in
454 215 518 242 coni
539 212 661 242 formam
679 209 831 252 ass'urgeret
845 231 854 244 ‚
881 213 918 240 ita
938 220 968 240 ut
988 220 1058 252 apex
1078 211 1144 239 coni
1159 208 1237 253 supra
1256 210 1343 243 balim
1360 217 1457 255 quinta
1473 225 1520 246 aut

284 252 362 284 sexta
382 265 492 285 tamum
517 265 593 296 parte
614 251 683 283 basis
705 253 789 296 ipsius
812 264 918 284 extaret
940 257 971 285 δε
987 263 1094 283 conum
1110 251 1276 297 superposui
1290 253 1392 298 lapidis
1410 261 1521 302 excipe-

280 307 322 326 ret
344 309 405 340 pars
424 297 491 335 subp
504 302 538 328 :h
558 297 658 340 lapidis
675 308 817 327 excavata.

324 341 363 371 Ea
380 341 500 383 quidun
519 344 627 371 iatione
648 339 757 382 singula
777 350 912 382 tympana
933 338 985 370 fibi
1008 338 1109 370 mutuo
1128 338 1164 370 fic
1186 351 1348 385 aptarentur
1364 364 1373 377 ‚
1396 353 1427 374 ut
1448 346 1522 376 circa

280 394 361 414 axem
383 394 501 430 qusque
531 384 610 414 suum
638 395 816 415 vertttentur
834 406 843 418 ,
871 394 921 414 nec
951 394 1023 427 opus
1043 382 1108 414 esl'ct
1133 381 1209 414 ferro
1228 410 1237 420 ‚
1264 398 1308 416 aut
1330 386 1387 416 alio
1404 387 1521 419 metallo

280 427 363 457 instar
382 430 543 458 terruminis
555 450 563 462 ‚
583 437 614 457 ac
633 427 750 458 demum
765 439 823 458 non
838 426 895 456 alio
913 438 995 458 motu
1015 437 1163 469 agerentur
1186 427 1291 470 lapides
1306 451 1314 463 ,
1334 431 1423 471 quam
1438 442 1522 462 motu

278 471 307 498 in
320 470 432 502 orbem.
454 472 500 502 Sic
512 481 646 515 tympana
660 470 745 502 solius
759 468 856 513 figunt
868 482 923 512 ope
936 469 986 501 fibi
997 473 1125 501 invicem
1137 471 1213 500 arcte
1229 472 1414 503 cohaererent.
1439 476 1523 516 Aqua

280 523 346 543 cum
363 512 480 558 pulvere
503 516 583 544 saxeo
598 536 607 549 ,
631 513 720 556 vulgo
741 536 750 549 ‚
783 516 834 543 Du
857 514 937 544 Grais
961 535 971 548 ‚
1004 515 1034 543 in
1053 512 1113 555 ipso
1135 517 1235 543 attritu
1255 526 1358 558 parvos
1378 518 1521 553 circulos,

280 556 356 597 quasi
376 557 496 587 tetidem
509 556 684 588 canaliculos
706 556 842 588 formaret
855 580 864 593 ,
881 566 1006 600 quorum
1021 556 1069 586 alii
1090 556 1162 586 alios
1177 560 1339 601 exciperent
1358 581 1367 594 ,
1390 562 1418 590 &
1440 571 1524 591 com-

280 610 381 641 pagem
401 599 546 632 efficerent
570 599 739 632 firmiorem.
765 600 874 631 Licebit
894 603 980 630 ctiam
997 601 1144 642 postquam
1159 599 1231 630 bene
1253 613 1334 632 crunt
1356 602 1521 646 compositi,

280 654 382 685 aquam
412 643 500 675 solam
521 643 672 674 infundere
686 667 696 680 ‚
721 655 783 686 quae
805 642 951 686 pulverem
969 643 1082 673 ffixcum
1098 642 1235 677 abducit,
1258 643 1420 687 ptiusquam
1445 658 1523 687 tym-

282 698 353 729 pana
370 689 398 717 in
419 688 467 718 suo
484 686 535 718 suu
555 687 692 718 sistantur.
717 688 838 719 Accedit
853 686 926 718 illud
947 698 1061 730 quoquc
1079 687 1266 717 commodum
1281 710 1289 722 ,
1309 689 1386 730 quod
1403 693 1432 720 in
1453 690 1523 721 locis

283 728 389 771 pluviae
410 730 544 774 expositis
561 742 634 774 aqua
648 743 697 773 per
717 729 913 761 commissuras
935 729 1027 761 subire
1043 741 1088 759 νικ
1101 741 1205 773 potent
1220 752 1228 765 ,
1249 730 1329 772 quod
1346 731 1401 762 illoe
1416 732 1524 765 sursum

285 773 412 805 tendant.
437 775 471 805 Id
489 775 606 805 demum
627 775 664 804 est
687 774 899 805 observandum
913 797 922 809 ,
943 784 1097 804 extremam
1118 776 1262 816 tympanis
1277 786 1392 805 manum
1409 777 1524 820 imponi

285 826 344 845 non
362 828 496 860 oportere
512 841 521 854 ,
543 829 595 848 nec
610 829 673 859 quae
687 818 720 848 ad
737 829 870 849 ornatum
883 841 891 853 ‚
917 821 946 848 &
966 816 1086 860 speciem
1108 827 1278 847 exteriorem
1301 818 1427 860 {pt-<stant
1442 841 1452 854 ‚
1476 822 1525 850 in-

284 858 352 889 duci
368 882 377 894 ,
392 862 555 903 priusquam
576 861 710 891 columna
723 864 832 903 integra
851 860 979 891 absoluta
1000 859 1084 891 fucrit
1102 873 1108 890 ε
1126 871 1185 891 tum
1203 863 1279 891 enim
1297 860 1386 903 figura
1409 861 1524 899 idonea,

286 904 318 932 &
335 902 420 934 decor
438 905 504 935 huic
521 916 678 948 apponetur
694 926 702 939 ,
731 903 806 946 quafi
825 916 858 935 ex
883 916 938 934 una
966 907 994 934 &
1020 903 1121 934 cadem
1140 904 1279 935 constaret
1297 908 1414 935 materia
1431 916 1439 939 3
1460 918 1523 949 quae

285 948 358 976 ratio
382 947 426 976 vel
445 959 479 977 ex
502 959 536 978 eo
556 948 593 977 est
610 948 788 990 praeferenda
803 969 813 983 ‚
835 947 916 989 quod
938 957 1073 989 tympsna
1095 946 1110 976 ὲ
1132 946 1274 989 lapidibus
1296 947 1392 978 minus
1413 949 1524 981 idoneis

283 988 406 1020 formata
421 994 496 1032 rejici
521 989 604 1020 facile
625 989 729 1033 possint
753 1001 762 1025 ·‚
784 1001 841 1020 non
857 994 924 1022 item
939 993 1034 1020 evenit
1055 992 1083 1020 in
1101 989 1244 1020 columnis
1259 1002 1290 1020 ex
1305 991 1406 1021 codssm
1427 991 1524 1035 lapide

282 1030 365 1062 fastis
379 1044 387 1067 ·‚
401 1033 467 1064 cum
483 1037 562 1064 enim
585 1033 639 1065 fint
652 1037 706 1064 tari
725 1033 883 1065 admodum
897 1056 907 1070 ,
930 1033 998 1077 saepe
1015 1035 1048 1064 iis
1062 1055 1071 1068 ,
1091 1033 1309 1077 qualescumque
1323 1032 1394 1069 fint,
1417 1038 1456 1065 uti
1471 1047 1523 1066 co-

282 1086 386 1117 guntur
419 1078 580 1109 Architesti
600 1090 609 1113 ·‚
633 1081 663 1108 δε
689 1076 709 1108 st
729 1077 797 1119 quid
820 1081 852 1109 iis
876 1077 1009 1108 acciderit
1039 1087 1107 1107 cum
1128 1079 1276 1118 eriguntur
1297 1102 1305 1116 ‚
1341 1081 1370 1108 &
1395 1081 1424 1108 in
1451 1077 1523 1110 locis

284 1118 336 1149 suis
350 1118 529 1152 collocantur
543 1144 551 1156 ‚
582 1132 640 1151 non
659 1124 696 1151 ita
717 1120 799 1151 facil&
819 1122 991 1163 abjiciuntur
1012 1131 1042 1151 ut
1063 1130 1200 1164 tympana
1216 1142 1224 1155 ‚
1252 1131 1316 1163 qux
1331 1120 1398 1151 cum
1415 1121 1522 1154 leviora

285 1159 361 1196 sint,
385 1174 474 1205 parvo
495 1165 593 1195 labore
613 1167 775 1206 exiguntur.

318 1204 413 1245 {Idem
433 1208 528 1238 mense
541 1206 620 1250 Julio
635 1209 822 1238 admonuerat
835 1209 1003 1237 mortarium
1021 1228 1031 1242 ‚
1045 1205 1087 1237 scu
1103 1218 1248 1237 arenarum
1263 1206 1321 1237 cito
1334 1207 1522 1245 indurescere,

284 1259 350 1279 cum
369 1260 440 1292 aqua
460 1251 580 1282 diluitur
592 1273 601 1286 ,
621 1253 666 1281 cui
683 1262 782 1292 parum
798 1249 860 1280 salis
882 1251 1049 1281 Armoniaci
1069 1249 1122 1281 fuit
1141 1249 1292 1281 admistum
1307 1264 1314 1282 :
1332 1250 1379 1282 sed
1399 1252 1434 1283 de
1456 1253 1499 1282 his
1511 1274 1522 1289 ,

284 1303 347 1334 quae
367 1293 439 1335 pen&
458 1294 570 1325 suntab
589 1294 716 1324 instituto
733 1293 822 1323 aliena
838 1313 847 1327 ,
874 1293 936 1323 satis
963 1294 1062 1323 multa.

285 1384 1523 1453 ssffiississfflffssffissffifflffiffiffiussffi

552 1499 833 1542 SECTIO
900 1497 1254 1543 SEPTtMA‚

564 1598 625 1638 De
655 1595 761 1639 Αέῖὶς
790 1595 942 1655 Plyficis
978 1611 1069 1637 anno
1101 1613 1113 1636 1
1132 1607 1187 1647 69
1203 1606 1239 1640 6.

284 1696 477 1775 INjunerus
500 1693 582 1724 nobis
601 1692 681 1723 labor
699 1696 837 1736 opinione
853 1693 947 1724 nostra
970 1693 1083 1735 longius
1100 1694 1138 1725 est
1153 1695 1320 1738 produtstus.
1342 1697 1421 1728 Nam
1438 1698 1516 1728 Aeas

330 1738 430 1768 dcmiae
459 1737 602 1768 historiam
620 1740 676 1777 jam
698 1739 816 1768 ineunte
836 1749 911 1767 anno
930 1744 999 1776 1692
1020 1736 1156 1767 mandare
1175 1738 1275 1770 litteris
1300 1738 1361 1779 juffi
1389 1738 1423 1770 ad
1440 1742 1516 1772 hunc

284 1782 371 1824 usque
391 1793 496 1811 aunum
520 1780 645 1824 proferte
666 1782 756 1810 coadh‘
779 1781 881 1811 sumus.
915 1782 991 1811 Ante
1010 1783 1107 1810 omnia
1127 1792 1189 1822 qua:
1214 1782 1275 1813 sunt
1297 1782 1421 1823 Phyficae
1444 1795 1517 1814 con-

284 1823 479 1867 templationis
493 1846 500 1858 ‚
523 1833 641 1865 quaeque
661 1824 732 1854 hanc
752 1823 894 1855 scientiam
913 1835 971 1853 non
984 1823 1167 1854 mediocriter
1183 1825 1276 1855 nostra
1290 1837 1370 1856 aetate
1394 1838 1517 1869 promo-

282 1877 401 1903 verunt,
421 1878 452 1897 ea
465 1866 598 1897 videlicet
614 1877 676 1908 quae
690 1867 726 1897 ad
744 1867 854 1911 pondus
874 1871 903 1899 &
918 1867 1067 1897 elaterium
1081 1870 1153 1900 aeris
1167 1869 1291 1913 spe-stant
1305 1892 1314 1906 ,
1332 1881 1515 1915 exequamur,

283 1921 345 1942 tum
366 1909 400 1942 de
417 1910 498 1942 rebus
521 1911 697 1941 Anatomicis
712 1937 722 1950 ‚
740 1915 769 1943 &
792 1913 937 1944 Botanicis
956 1910 1095 1943 dicemus.
