1638 2345
240 110 550 142 ACADEMIAE
586 110 876 142 HISTORIA.
915 113 1055 142 anff.
1244 121 1260 147 9

44 155 187 192 ntiffimis
204 158 234 187 &
259 156 357 198 saepius
381 157 506 196 repetitis
520 152 769 186 observationibus
790 157 930 198 comperit
953 153 1075 196 gradum
1089 163 1177 184 unum
1191 122 1281 184 max?
1303 162 1391 194 7377.ae

41 205 83 233 mi
101 199 200 231 circuli
217 203 245 230 in
262 210 333 230 terra
352 197 486 229 delineari
499 196 553 226 effe
570 202 675 238 57060
699 198 800 242 hexap.
822 197 970 229 Patisrens.
995 197 1068 228 adeo
1089 208 1119 228 ut
1142 197 1286 228 Fcrnclius
1303 194 1406 248 ,ΜΨ-κ’,-

44 244 110 276 xudi
141 247 172 275 &
196 242 279 287 plane
301 243 466 273 mechanica
493 239 555 271 usus
583 241 724 272 methodo
751 244 870 285 propius
893 242 929 273 ad
950 253 1011 272 rem
1034 239 1124 284 ipsam
1149 239 1285 272 accessiss'e
1303 259 1341 278 ra,

43 287 186 319 videatur.

88 335 130 363 V.
168 333 267 370 Qam
290 329 384 359 inierit
402 330 480 359 viam
504 326 638 372 peculiari
658 329 776 359 tractatu
794 328 835 358 D.
852 327 953 359 Picard
978 327 1130 371 exposuit:
1168 326 1289 369 longum

45 374 116 406 effer
139 386 200 404 cam
222 370 387 414 singillatim
413 371 526 402 referre.
555 371 666 402 Sele&
687 372 750 402 sunt
770 370 829 401 duo
845 370 907 401 loca
930 371 981 402 sub
1003 371 1105 402 eodem
1126 371 1290 402 meridiano

47 418 97 449 sita
128 426 159 456 32
192 416 279 446 leucis
298 417 371 445 inter
395 412 420 444 se
446 413 560 450 dissita,
584 426 692 445 nomen
717 417 766 445 uni
788 413 962 444 Sourdonium
986 419 1014 446 in
1037 414 1189 450 Picardia,
1208 413 1292 445 alteri

47 459 220 501 Malvoifine
240 461 268 488 in
286 457 444 489 Vastincnst
469 470 538 500 agro
560 469 587 488 v.
607 458 632 489 le
653 459 785 488 Gatinois.
817 459 890 487 Hzrc
916 458 1124 501 triangulorum
1146 456 1292 488 beneficio

47 507 95 534 via
114 507 191 546 regia
214 506 243 533 &
267 501 350 532 strata
369 504 442 532 inter
457 501 529 532 duos
547 504 626 532 vicos
644 505 703 544 agri
719 499 876 532 parisiensis
893 501 1054 533 notissimos
1068 505 1118 544 qui
1142 503 1292 542 Villejutve

49 550 79 578 &
93 545 194 589 Juvisy
211 548 373 576 vocitantur
388 567 398 580 ‚
421 546 570 587 interjcfih
588 547 721 575 connec'ti
743 544 826 574 facile
849 543 925 586 poffe
944 557 1126 588 compertum
1140 556 1209 576 erat.
1237 547 1294 575 Via

48 591 87 620 cst
108 589 191 632 plana
213 592 243 620 ὅ(
266 591 340 619 recsta
355 611 362 623 ‚
387 587 540 631 pratlongis
563 587 663 618 sariffis
688 592 717 619 ὅ(
740 588 876 618 fianiculis
897 588 1026 619 dimensa
1053 595 1131 631 5662
1152 588 1291 630 hexaped.

51 637 82 665 ὃς
110 645 122 673 5
146 631 253 676 pedum
282 631 377 662 eundo
402 654 412 666 ‚
441 642 502 661 tum
527 636 596 671 5663
624 631 771 662 redeundo
799 634 931 661 invenrae.
956 632 1047 673 Qod
1066 644 1123 662 erar
1145 631 1294 675 paululum

48 676 236 710 discriminis,
260 677 289 705 in
310 674 378 705 duas
394 685 486 718 partes
509 674 644 706 divisum.
670 676 703 704 In
723 686 781 716 quo
806 673 869 704 sane
889 673 953 716 plus
978 675 1126 705 commodi
1156 679 1252 717 quam'
1267 679 1297 706 in

50 719 153 750 Snellii
175 722 205 749 &
230 717 357 749 Riccioli
374 717 599 749 d1mens10nibus
615 721 748 749 occurrit.
777 717 832 749 Ille
851 721 928 749 enim
947 718 1035 749 basim
1059 726 1113 756 630
1128 717 1193 753 ‚hic
1219 724 1296 756 1064

50 761 190 806 hexaped.
211 761 412 793 tantummodo
433 762 587 792 constituit.
619 764 702 802 Qin
722 766 750 794 δε.
778 761 828 792 sub
851 760 938 791 finem
964 765 1059 806 operis
1080 761 1115 792 ad
1139 761 1225 791 aliam
1247 762 1300 791 ba-

49 805 103 838 fim
128 817 226 845 3902
251 804 388 848 bexaped.
417 804 558 847 quidquid
589 805 698 836 fastum
723 810 753 837 δέ
779 815 922 849 repertum
946 805 1036 836 fuerat
1072 808 1175 835 iterum
1202 808 1296 847 exegit

51 851 96 880 D.
115 849 226 880 Picard.
253 849 310 879 His
325 847 572 879 observationibus
585 860 644 880 tum
655 851 683 879 in
695 847 852 879 Vastinenfi
863 860 931 891 agro
948 847 1028 879 saetis
1040 846 1166 879 interfuit
1181 848 1299 878 D.Cas-

51 892 128 924 finus
146 896 194 937 qui
217 903 312 923 recens
332 903 365 922 ex
385 891 464 922 Italia
491 891 643 924 advenerat
669 915 678 928 ,
712 891 727 922 ὲ
753 893 832 935 Rege
860 891 1087 923 Chistianiffinm
1123 903 1172 936 per
1196 891 1302 923 litteras

54 938 99 967 D·
118 936 241 968 Colbert
254 962 261 972 ,
285 947 315 965 ut
337 936 449 966 distum
469 947 534 966 ante
554 934 608 966 fuir
625 959 634 972 ‚
654 947 798 966 evocatus.
924 939 928 944 ’

102 983 129 1011 V
146 982 169 1011 I.
202 979 370 1020 Qadrante
397 978 496 1010 circuli
521 979 584 1008 usus
604 979 641 1010 est
663 983 690 1009 in
712 978 857 1023 scrupulos
880 1001 890 1014 ,
927 977 973 1009 seu
1001 981 1110 1010 minuta
1133 989 1183 1021 per
1208 977 1296 1009 lineas

54 1022 220 1056 transversas
241 1022 375 1064 exquisite
394 1021 498 1053 diviso.
524 1023 602 1052 Huic
630 1026 717 1062 aptati
749 1034 827 1053 etant
849 1022 908 1052 duo
932 1020 993 1052 tubi
1023 1023 1112 1066 optici
1137 1043 1146 1056 ‚
1172 1032 1297 1063 quorum

55 1078 128 1098 unus
148 1077 207 1097 erat
234 1068 371 1096 immotus
396 1088 404 1100 ,
427 1064 498 1096 alter
521 1064 638 1096 mobilis
664 1077 672 1101 ·,
701 1065 845 1109 utriusque
872 1065 954 1108 hujus
979 1065 1125 1108 teleicopii
1155 1063 1297 1095 beneficio

56 1109 153 1153 anguli
172 1108 346 1153 positionum
366 1108 458 1140 multo
478 1112 631 1139 accuratius
650 1107 753 1152 sumpti
769 1120 854 1152 quarn
870 1119 920 1151 per
935 1108 1075 1151 pinnulas.

98 1156 171 1194 Qo
190 1164 283 1183 autern
305 1152 389 1183 tubus
408 1156 436 1183 in
457 1163 516 1182 rem
541 1151 687 1190 objectam
708 1150 842 1193 exquisite
865 1154 895 1182 δε
919 1154 990 1182 citra
1009 1163 1136 1182 errorem
1157 1151 1297 1193 dirigere-

56 1207 103 1227 tur
117 1219 126 1232 ‚
144 1196 202 1226 duo
224 1194 272 1226 fila
291 1196 375 1226 serica
396 1198 425 1225 in
440 1193 506 1226 foco
523 1195 666 1239 utriusque
679 1194 715 1226 sic
731 1194 895 1225 decuss'atim
918 1194 980 1225 sunt
995 1206 1088 1239 aptata
1101 1218 1108 1229 ‚
1132 1206 1162 1225 ut
1175 1207 1206 1225 ca
1220 1192 1298 1236 quafi

57 1243 97 1272 rei
120 1239 241 1281 objectae
260 1238 481 1269 adhaerescerent
499 1252 506 1270 z
530 1241 568 1269 ita
581 1249 611 1269 ut
633 1250 667 1269 eo
688 1238 744 1270 loci
763 1240 873 1281 pistura
886 1237 1021 1269 distincta
1035 1264 1043 1278 ‚
1066 1238 1113 1269 sed
1137 1238 1247 1268 inversa
1262 1237 1299 1268 ad

57 1282 158 1314 oculos
181 1285 340 1326 perveniret
363 1286 393 1313 δι
415 1281 522 1322 objecti
542 1282 700 1313 immediati
720 1281 815 1312 locum
834 1293 953 1313 teneret.
980 1283 1058 1312 Cum
1077 1284 1155 1312 enim
1178 1281 1248 1311 radii
1263 1279 1299 1310 ab

57 1326 160 1357 eodem
179 1325 287 1366 objecti
311 1328 416 1368 puncto
435 1337 567 1356 exeuntes
587 1338 615 1356 m
638 1325 741 1357 eodem
764 1326 821 1356 foci
842 1327 948 1368 punsto
977 1327 1111 1356 uniantur
1134 1348 1142 1360 ,
1176 1325 1244 1354 hinc
1267 1321 1300 1354 fit

57 1380 89 1400 ut
111 1381 240 1412 apertura
261 1372 328 1400 vitri
350 1369 487 1410 objcstivi
509 1369 583 1399 nihil
603 1369 692 1399 obstet
716 1372 872 1411 quominus
896 1379 938 1398 res
957 1368 1070 1409 objecta
1089 1380 1146 1399 tam
1167 1367 1300 1397 distinete

57 1411 186 1444 videatur
198 1435 207 1447 ,
228 1424 259 1443 ac
280 1411 297 1443 st
323 1412 441 1456 pinnula
456 1412 521 1444 effet
535 1411 741 1444 foraminulurn
764 1417 834 1456 p'ene
846 1411 1023 1448 indivisum,
1041 1423 1091 1456 per
1108 1411 1187 1456 quod
1206 1410 1301 1441 radius

59 1459 159 1487 unicus
183 1455 320 1488 tranfiret.

105 1503 133 1531 V
147 1500 194 1529 11.
226 1501 273 1530 Sic
294 1499 398 1532 libellae
417 1512 446 1531 v.
463 1501 577 1530 Niveau
597 1511 651 1542 ope
666 1521 674 1534 ‚
690 1502 770 1539 cujus
785 1497 939 1541 descriptio
956 1501 986 1529 &
1003 1495 1067 1527 usus
1081 1501 1110 1529 in
1127 1496 1203 1527 calce
1218 1497 1303 1536 hujus

62 1541 194 1586 opusculi
215 1542 406 1579 describitur,
432 1544 517 1574 rubus
543 1546 655 1586 opticus
684 1541 787 1572 eodem
813 1553 923 1584 aptatur
946 1540 1036 1572 modo
1053 1545 1084 1573 δι
1109 1543 1181 1572 citra
1204 1540 1297 1571 ullum

62 1597 189 1617 errorem
210 1585 368 1617 senfibilem
392 1586 511 1619 libratur
534 1586 652 1630 spatium
670 1589 745 1616 inter
764 1584 821 1615 duo
837 1585 899 1615 loca
917 1585 1097 1626 interjestum
1113 1606 1122 1619 ,
1149 1594 1213 1614 cum
1227 1583 1302 1614 ultra

64 1639 122 1661 100
140 1630 277 1671 hexaped.
296 1641 353 1660 non
369 1641 453 1674 patet.
480 1631 559 1661 Nam
579 1628 677 1660 ufitata
696 1628 821 1659 librandi
839 1631 912 1659 ratio
929 1629 1102 1658 correcstioni
1120 1627 1158 1657 est
1176 1626 1305 1658 obnoxia

62 1684 126 1716 quae
152 1684 185 1703 ex
208 1673 408 1705 semidiametri
432 1685 512 1705 terrae
535 1676 700 1715 cognitione
725 1670 838 1715 pendet.
864 1671 1013 1714 Siquidem
1033 1683 1064 1702 ut
1084 1673 1154 1713 justa
1175 1669 1206 1701 fit
1229 1682 1303 1701 exae-

62 1718 162 1759 quatio
176 1715 299 1747 duorum
315 1716 444 1748 locorum
460 1743 468 1752 ,
490 1716 587 1747 eadem
610 1715 642 1747 fit
665 1715 792 1746 distantia
815 1714 830 1744 ὲ
848 1726 945 1746 centro
967 1726 1047 1746 terra?
1069 1712 1175 1745 neccffe
1191 1715 1229 1745 est
1246 1728 1252 1745 ε
1272 1718 1303 1745 &

65 1769 161 1790 tamen
183 1771 214 1789 ea
242 1763 329 1801 quaeti
349 1760 418 1792 solet
442 1764 470 1792 in
492 1761 567 1791 reela
589 1760 663 1790 linea
684 1770 746 1802 quae
771 1769 874 1789 terram
898 1761 1041 1800 contingit
1061 1781 1069 1793 ,
1102 1767 1221 1800 quaequc
1249 1757 1305 1788 hoc

64 1805 154 1844 magis
169 1801 184 1831 ῖι
197 1814 295 1833 centro
309 1815 472 1835 removetur
486 1830 494 1842 ,
513 1815 570 1846 quo
592 1802 704 1845 longius
716 1801 883 1845 producitur
896 1825 905 1837 ‚
926 1801 997 1832 adeo
1017 1813 1046 1832 ut
1072 1813 1139 1832 vera
1159 1799 1257 1831 libella
1273 1799 1305 1831 fit

67 1845 142 1875 infra
154 1846 416 1888 apparentem.Ubi
428 1848 547 1891 spatium
560 1846 596 1877 ad
611 1845 739 1877 libellam
751 1848 872 1888 exigitur
885 1849 914 1876 &
926 1856 985 1875 non
1003 1845 1077 1876 ultra
1093 1857 1146 1875 100
1161 1844 1301 1888 hexaped.

65 1891 235 1923 distenditur
247 1917 256 1930 ‚
275 1893 434 1925 differentia
449 1894 593 1936 utriusque
614 1897 734 1925 extremi
751 1893 788 1923 est
805 1904 915 1923 tanturn
931 1895 1015 1923 unius
1037 1892 1117 1924 lincae
1136 1894 1165 1923 &
1190 1892 1205 1933 l,
1225 1914 1232 1926 ‚
1257 1890 1304 1921 sed

66 1939 167 1970 crescit
185 1943 344 1983 apparentis
364 1939 466 1972 libellae
486 1941 607 1973 altitudo
619 1940 675 1972 fere
690 1952 720 1973 ut
731 1940 866 1983 quadrata
876 1940 1073 1971 distantiarum
1086 1963 1094 1975 ‚
1107 1951 1152 1970 aut
1168 1937 1306 1981 quadrata

67 1992 253 2013 numerorum
273 1996 282 2016 1
298 2008 307 2021 ,
325 1994 339 2012 2
354 2006 363 2020 ‚
380 1996 416 2022 3,
439 1995 459 2022 4
481 1989 539 2018 διε.
559 1987 605 2017 Si'c
624 1988 654 2015 in
671 1985 760 2028 spatio
782 1995 841 2013 200
862 1983 998 2028 hexaped.
1014 1983 1098 2014 altior
1117 1983 1181 2021 «τῆς
1199 1980 1302 2014 lincis,

69 2028 101 2058 ὃ(
127 2029 164 2056 ita
186 2025 329 2068 deinceps.

113 2073 141 2101 V
156 2071 167 2100 1
182 2071 194 2100 1
210 2071 233 2100 1.
268 2069 420 2101 'fabellam
436 2070 561 2103 confecit
575 2072 662 2114 usque
685 2071 719 2102 ad
738 2083 821 2111 4000
847 2070 1055 2114 hexapedarum
1075 2068 1194 2111 spatium
1210 2088 1220 2102 ³
1255 2064 1306 2096 Ubi

70 2110 192 2146 altitudo
217 2117 381 2158 apparentis
411 2113 516 2146 libellae
548 2127 645 2148 veram
676 2114 784 2158 superat
811 2127 820 2146 1
836 2127 855 2153 4
882 2114 1002 2159 pedibus
1035 2116 1066 2187 ᾗ
1097 2112 1165 2142 octo
1198 2109 1307 2153 digiti53

1046 2191 1053 2195 .
1103 2165 1122 2198 ¹]
