1638 2345
215 170 304 199 Ass.

216 215 299 241 1666.

217 257 300 292 &67.

328 125 364 159 36
617 120 792 151 REGIAE
828 119 1235 152 SCIENTIARUM

325 161 443 205 penduli
455 161 607 197 beneficio.
627 177 649 205 3.
667 165 697 194 Si
712 162 773 207 poli
791 163 942 195 altitudine
961 165 1093 206 cognita,
1114 162 1258 194 stellarum
1271 161 1432 195 altitudines
1445 167 1475 196 δι
1489 165 1550 196 azi-

324 205 423 236 mutha
434 205 625 238 observentur.

358 250 416 279 Die
439 253 484 281 28.
504 250 674 281 Decembris
694 254 762 280 anni
785 255 866 282 1666.
892 249 933 281 D.
958 250 1076 281 Auzout
1098 248 1251 293 Epistolam
1273 248 1347 280 mifit
1371 249 1405 280 ad
1429 252 1469 282 D.
1491 251 1551 282 Ol-

324 291 465 335 demburg
492 293 592 334 Regiae
619 295 769 324 Societatis
789 292 954 335 Anglicanae
975 294 1182 328 Secretarium,
1207 295 1234 322 in
1263 302 1318 334 qua
1341 296 1480 324 rationem
1499 295 1552 326 ob-

326 334 470 366 servandae
481 334 615 367 diametri
628 335 765 379 cujusque
781 336 900 379 planetae
911 346 1067 367 accuratam
1084 339 1201 378 exponit
1213 357 1221 370 ,
1233 346 1326 379 quave
1343 336 1482 367 methodo
1501 349 1552 380 pa-

327 378 440 409 rallaxis
458 400 467 413 ‚
489 389 521 408 ac
542 378 672 410 distantia
688 381 775 410 Lunae
800 379 815 409 εὶ
840 390 912 410 terra
925 381 1107 410 inveniatur:
1127 378 1208 410 simul
1226 382 1256 409 ὅ(
1271 377 1382 408 causam
1402 379 1483 411 affert
1503 391 1552 412 cur

327 423 355 451 in
380 422 519 464 postrema
538 421 641 465 Eclipsi
681 434 722 453 ua:
739 422 835 453 mense
855 420 933 458 Iulio
951 426 1108 464 contigerat
1129 422 1265 453 diameter
1293 423 1379 452 Luna:
1397 422 1412 452 a
1434 424 1554 454 D.He-

327 464 403 495 vclio
429 468 521 505 major
543 468 610 496 oCto
635 432 682 496 νῇ
699 477 805 496 novem
829 468 946 497 minutis
970 464 1097 496 secundis
1122 464 1179 496 visa
1209 464 1294 495 fucrit
1318 464 1405 506 quam
1432 469 1460 496 in
1490 467 1553 509 ipso

326 506 496 539 defectionis
515 511 616 544 initio,
643 513 721 550 cujus
753 508 884 551 Epistolae
909 508 1093 539 summarium
1116 512 1145 539 in
1169 509 1271 539 Diario
1294 508 1455 550 Anglicano
1470 521 1552 541 men-

327 549 362 581 fis
377 551 505 592 januarii
524 554 588 581 anni
613 557 695 590 1667.
717 551 888 594 exscriptum
910 551 957 581 est.

359 595 391 623 In
411 605 441 624 ea
464 592 580 637 quidem
600 593 725 637 Epistola
746 598 871 637 primum
894 595 1032 626 admonet
1055 595 1081 625 se
1101 593 1158 626 una
1180 605 1244 625 curn
1279 595 1319 624 D.
1347 595 1448 626 Picard
1472 599 1500 627 in
1523 595 1555 627 id

327 636 482 667 incubuisse
503 647 533 666 ut
552 636 628 668 Solis
654 641 684 668 &
697 640 782 668 Lunx
801 637 956 668 diametros
979 641 1152 669 accuratiore
1169 660 1177 672 ,
1206 637 1293 680 quam
1325 648 1387 679 qum
1419 639 1554 671 haetenus

327 679 455 710 adhibita
475 679 580 714 fucrit,
607 680 768 715 methodo,
793 680 984 712 observarent.
1019 679 1265 722 Qandoquidem
1289 679 1419 712 diametri
1443 682 1478 713 ad
1497 687 1554 713 mi-

328 733 394 753 nuta
424 721 511 765 usquc
530 721 650 754 secunda
677 723 868 759 dividuntur,
900 726 930 754 &
953 723 1103 767 longitudo
1125 723 1204 767 pedis
1231 727 1260 754 in
1281 734 1373 762 3000.
1398 735 1490 767 partes
1516 729 1553 757 ita

327 765 364 796 ab
379 768 413 796 iis
435 765 560 801 secatur,
591 777 622 797 ut
643 770 691 798 vix
715 769 795 797 unius
818 770 903 809 partis
929 778 1007 797 error
1026 765 1110 810 possit
1126 766 1281 810 obrepere,
1301 778 1331 796 ac
1350 778 1421 809 pene
1440 768 1469 799 id
1500 780 1553 811 pro

327 818 408 840 cetto
428 808 564 840 habeatur
594 821 653 841 non
671 808 792 852 amplius
817 821 843 849 3.
857 809 903 840 vel
925 821 956 847 4.
973 809 1100 840 secundis
1116 808 1333 840 indimetienda
1344 809 1420 840 Solis
1429 823 1474 842 aut
1493 814 1554 843 Lu-

329 862 371 881 nae
381 851 521 883 diametro
536 852 668 884 aberrari.
684 854 831 883 Diameter
842 851 917 884 Solis
934 856 962 883 in
973 855 1103 896 Apogaeo
1111 864 1171 883 non
1184 856 1280 883 minor
1291 863 1368 892 31.m.
1380 856 1410 884 &
1423 854 1492 893 37.s.
1508 858 1554 886 in-

327 904 413 925 venta
440 895 479 926 est
493 921 501 931 ,
522 898 552 925 &
565 898 593 926 in
612 895 738 939 Perigaeo
749 907 807 926 non
821 896 944 939 amplior
953 895 1010 926 visa
1030 896 1067 926 cst
1077 895 1162 937 quam
1179 907 1220 937 32.
1235 907 1274 926 m.
1289 907 1336 935 45.
1350 895 1368 926 s.
1388 898 1474 928 Lunae
1493 899 1555 929 dia-

327 948 417 969 meter
437 949 580 982 nunquam
599 936 657 970 fere
682 942 778 970 minor
791 950 838 976 ²9-
853 951 892 970 m.
907 951 960 979 40.
974 938 1058 972 [nee
1078 942 1171 980 major
1180 950 1217 978 33.
1232 949 1270 969 tn.
1282 938 1333 970 nifi
1351 939 1460 980 aliquot
1481 945 1552 972 min.

327 978 467 1014 secundis,

361 1026 394 1054 ln
418 1024 472 1055 alia
493 1036 556 1067 quae
579 1030 673 1069 paucis
698 1027 759 1067 post
781 1026 880 1057 diebus
899 1025 998 1068 scripta
1020 1026 1058 1056 est
1076 1025 1113 1056 ad
1125 1026 1248 1058 eundem
1267 1025 1553 1068 Epistola,observa-

330 1069 416 1098 tionis
438 1066 453 1097 ὲ
474 1069 515 1099 D.
538 1069 664 1100 Hevelio
685 1068 766 1100 faeta:
784 1073 812 1099 in
828 1070 969 1112 postrema
979 1068 1056 1100 Solis
1078 1068 1180 1109 Eclipfi
1195 1069 1314 1101 eandem
1332 1069 1443 1100 eausam
1457 1069 1551 1106 affert,

328 1120 415 1151 quam
437 1111 607 1153 protulimus
621 1135 630 1147 ‚
649 1124 680 1142 ac
702 1111 818 1143 subinde
837 1124 916 1144 notat
941 1123 1039 1142 contra
1056 1111 1182 1142 futurum
1201 1111 1280 1144 fuisse
1293 1134 1303 1147 ‚
1328 1111 1346 1142 si
1365 1111 1479 1156 Eclxpsis
1504 1113 1553 1145 sub

328 1152 475 1196 vesperam
498 1154 676 1197 contigiffet:
702 1167 762 1186 tum
779 1158 857 1186 enirn
871 1158 949 1187 Liuia
963 1155 1080 1188 inferior
1104 1153 1195 1186 fuiffet
1207 1159 1280 1186 circa
1294 1153 1381 1185 finem
1398 1155 1552 1200 Eelipseos‚

330 1206 361 1226 ac
381 1197 502 1239 proinde
521 1201 616 1229 minor
636 1197 694 1230 visa
710 1198 775 1229 esset
791 1201 850 1240 ejus
870 1199 1015 1230 diameter.

360 1241 516 1282 Utriusque
532 1241 613 1282 hujus
639 1241 733 1284 scripti
753 1240 899 1273 occasione
924 1243 1105 1273 Micrometri
1119 1245 1260 1284 originem
1278 1244 1308 1272 &
1331 1241 1412 1273 usum
1428 1240 1554 1285 descrip-

330 1280 362 1312 fit
386 1283 428 1314 D.
453 1284 488 1315 de
512 1283 537 1314 la
563 1286 636 1315 Hire
652 1287 701 1319 ‚in
720 1296 753 1314 eo
775 1296 862 1327 opere
907 1285 966 1316 uod
987 1297 1061 1316 anno
1082 1291 1163 1325 1693.
1190 1287 1282 1327 Typis
1306 1286 1404 1327 Regiis
1421 1285 1554 1316 excusum

329 1325 389 1364 cst,
410 1326 445 1357 de
469 1330 552 1358 variis
574 1326 715 1371 opusculis
735 1339 795 1369 quae
822 1296 987 1359 Academici
1014 1327 1130 1359 diversis
1150 1327 1326 1369 temporibus
1340 1328 1552 1360 elucubtaiunt.

330 1368 406 1400 Illud
431 1369 570 1401 memorii
593 1371 762 1414 posteritatis
787 1370 907 1412 dignum
921 1374 1067 1402 annotavit
1081 1394 1089 1407 ‚
1109 1372 1179 1402 hanc
1192 1371 1363 1402 dimetiendi
1378 1370 1553 1413 planetarum

328 1411 483 1445 diametros
504 1417 642 1444 rationem
665 1426 714 1457 pet
738 1413 889 1445 reticulum
916 1419 944 1445 in
960 1414 1026 1445 loco
1047 1415 1107 1445 tubi
1133 1412 1290 1457 appost.um
1303 1439 1312 1452 ‚
1326 1417 1383 1455 jam
1406 1426 1484 1445 antea
1501 1426 1555 1445 ex-

328 1458 482 1498 cogitatam
499 1456 588 1488 fiiiffe.
614 1459 671 1488 Sed
694 1457 723 1488 id
747 1457 831 1488 habet
853 1458 1055 1493 incommodi,
1079 1460 1156 1499 quod
1177 1456 1312 1498 quadrata
1330 1460 1403 1488 inter
1416 1456 1464 1487 fila
1477 1468 1554 1488 com-

328 1498 464 1540 prehensa
477 1522 487 1536 ,
508 1511 626 1543 quoeque
645 1500 754 1542 angulis
767 1499 934 1532 dimetiendi
955 1499 1109 1532 inserviunt
1124 1523 1133 1535 ,
1157 1512 1214 1531 non
1229 1501 1301 1530 adeo
1315 1500 1398 1530 exilia
1416 1498 1476 1531 fieri
1491 1500 1554 1544 pos-

330 1540 382 1572 sint
395 1565 404 1577 ,
423 1553 452 1573 ut
474 1547 611 1586 imagines
627 1555 779 1587 corporum
801 1547 874 1574 inter
898 1543 1008 1586 aliquot
1028 1542 1076 1572 fila
1106 1543 1233 1573 accurate
1257 1541 1309 1573 sint
1328 1543 1554 1585 comprehensae.

326 1584 414 1616 Unde
436 1587 515 1627 quod
542 1590 665 1617 occurrit
681 1598 714 1616 ex
733 1599 776 1628 gr.
801 1597 863 1629 pars
883 1590 1011 1631 corporis
1034 1589 1115 1617 tertia
1137 1585 1182 1616 vel
1205 1596 1323 1628 quarta,
1343 1586 1449 1627 judicio
1476 1597 1555 1628 quo-

325 1628 393 1658 dam
409 1631 451 1659 vis
480 1632 680 1672 imiginatricis
701 1631 862 1660 aestimatur.

356 1671 446 1711 Qod
469 1674 563 1715 itaque
582 1672 676 1703 deerat
701 1672 819 1704 reticulo
842 1683 872 1703 ut
898 1684 991 1703 rerum
1017 1672 1192 1712 objectarum
1215 1675 1354 1714 imagines
1379 1671 1487 1715 semper
1510 1677 1555 1703 in-

326 1725 367 1744 tet
387 1715 445 1745 duo
467 1713 515 1745 fila
538 1715 624 1746 serica
644 1727 690 1746 aut
709 1716 780 1746 duos
802 1715 920 1759 capillos
934 1738 942 1750 ‚
966 1715 1010 1746 vel
1035 1715 1160 1746 lamellas
1175 1726 1240 1746 tota:
1259 1713 1348 1745 effent
1369 1716 1555 1758 comprehen-

327 1758 381 1796 Γπ,
405 1761 435 1788 &
461 1756 576 1789 filorum
597 1758 735 1789 distantia·
764 1770 821 1789 ram
841 1762 972 1790 minutim
997 1757 1089 1789 forent
1114 1758 1210 1789 divisae
1225 1783 1234 1796 ,
1256 1768 1287 1787 ut
1311 1757 1346 1787 ad
1368 1755 1486 1788 secunda
1509 1758 1556 1789 us-

325 1812 380 1843 que
402 1801 554 1843 perspeetae
571 1798 624 1831 effe
647 1800 776 1844 possent,
801 1802 873 1834 illud
889 1801 904 1830 ὲ
929 1803 968 1833 D.
991 1802 1032 1832 D.
1063 1804 1177 1833 Auzout
1199 1804 1228 1832 ἅς
1257 1799 1360 1831 Picard
1389 1801 1482 1843 postea
1511 1813 1557 1832 ex-

326 1843 436 1886 pletum
458 1845 524 1875 fuit.
982 1854 990 1860 ·

364 1886 417 1918 111=
438 1887 599 1919 machinula
618 1886 682 1919 usus
707 1888 745 1918 est
763 1898 824 1930 qux
853 1898 944 1931 parvae
962 1888 1087 1920 cochlea:
1107 1900 1162 1932 ope
1181 1888 1299 1931 capillos
1312 1899 1359 1919 aut
1373 1886 1501 1919 lamellas
1520 1887 1557 1919 fic

328 1941 481 1973 promovet
503 1941 534 1962 ut
557 1929 776 1974 parallelismum
801 1943 867 1962 cum
891 1931 953 1963 aliis
975 1930 1038 1962 fixis
1058 1932 1189 1966 servent,
1214 1943 1296 1974 atquc
1325 1935 1363 1961 ita
1388 1942 1481 1962 rerum
1502 1932 1557 1963 ob-

328 1975 467 2015 jcstarum
486 1977 623 2017 imagines
643 1978 715 2006 intra
730 1974 852 2005 duorum
874 1979 996 2006 crinium
1020 1973 1168 2006 intervalla
1184 1985 1250 2005 ποτε
1272 1973 1489 2005 concludantur.
1504 1975 1559 2003 At-

329 2027 384 2057 que
404 2017 463 2048 haec
484 2017 601 2048 cochlea
627 2028 682 2048 tres
715 2029 741 2048 v.
768 2028 810 2058 gt.
834 2017 920 2049 efficit
945 2022 1076 2049 circuitus
1091 2040 1100 2053 ‚
1121 2028 1150 2048 ut
1174 2015 1255 2049 filum
1280 2022 1361 2049 unius
1382 2016 1462 2048 lincae
1488 2029 1557 2059 pro-

328 2071 487 2092 moveatur.
510 2064 620 2091 Vetum
644 2063 674 2091 δέ
703 2059 751 2090 illa
773 2060 888 2091 filorum
918 2060 1077 2092 distantiam
1101 2060 1269 2092 dimetiendi
1295 2064 1367 2092 ratio
1387 2059 1554 2101 exquisitam

330 2103 467 2135 machina:
486 2106 649 2136 sttucluram
665 2103 783 2146 postulat
796 2129 806 2143 ,
825 2115 855 2135 ac
870 2103 985 2138 subinde
1002 2104 1188 2137 metuendum
1208 2105 1245 2136 cst
1262 2115 1296 2136 nc
1312 2103 1419 2135 crebris
1432 2102 1555 2135 motibus
