1638 2345
216 184 306 216 Am«.

218 233 306 267 1674.

330 143 385 181 132'
627 136 804 171 REGIAE
862 136 1269 171 SCIENTIARUM

329 183 432 215 canalis
452 183 487 213 he
509 185 582 215 atici.
603 184 698 214 Lienis
718 180 909 226 parenchyma
935 180 1051 213 firmum
1073 192 1130 214 erat
1147 186 1178 215 δε
1200 181 1344 217 solidum,
1361 181 1442 226 quale
1463 183 1501 215 est
1524 186 1553 215 in

329 194 544 271 quadrupedium
562 226 686 257 renibus.

361 274 387 302 V
402 272 423 300 1.
436 270 644 314 Respirationis
668 279 774 311 organa
787 266 882 299 multo
908 267 1065 298 accuratius
1091 266 1152 298 sunt
1174 266 1322 299 observata
1345 267 1433 311 quam
1449 271 1477 300 in
1492 268 1553 300 aliis

329 313 447 349 avibus,
471 313 551 356 quod
571 315 601 344 in
620 313 777 343 struthione
799 310 895 342 vesica:
916 309 968 341 sitit
978 309 1069 341 firmae
1090 313 1121 342 ὅ(
1143 310 1235 342 densae
1258 309 1316 342 fere
1340 323 1370 343 ut
1393 311 1503 344 suillae:
1524 316 1554 344 in

329 356 471 399 plerisque
493 355 592 387 avibus
610 355 681 386 adeo
702 355 764 385 sunt
789 365 886 386 tenues
899 376 909 389 ‚
925 365 955 384 ut
968 352 1175 385 difficillimum
1200 353 1235 385 fit
1256 366 1301 385 eas
1322 358 1394 386 inter
1414 355 1555 386 diffecan-

327 401 396 431 dum
414 410 471 429 non
491 399 645 442 perforare.
659 400 719 439 Qi
736 396 787 429 sint
801 408 844 429 tot.
860 396 1013 428 vesicarum
1032 396 1096 427 ustis
1107 396 1253 439 qua-situm
1271 400 1309 429 est
1321 420 1330 434 ,
1347 401 1377 430 δέ
1390 402 1484 429 avium
1498 398 1555 430 res-

329 454 431 486 piratio
453 454 517 473 cum
539 443 712 474 terrestrium
734 443 923 472 animantium
937 439 1119 483 respiratione
1134 451 1305 484 comparata.
1328 442 1406 472 Cum
1427 440 1554 486 spiritum

329 486 460 517 ducimus
474 511 482 524 ,
505 489 535 517 δι
556 484 588 517 fit
603 485 772 529 inspiratio,
793 486 891 527 petitus
911 483 1063 518 dilatatur,
1075 483 1258 526 diaphragma
1276 483 1481 528 complanatur,
1499 485 1556 517 vis-

329 540 391 559 cera
407 528 562 559 abdomine
584 539 717 558 contenta
737 527 870 558 deorsum
890 526 1044 570 pelluntur.
1071 529 1104 556 In
1118 530 1293 569 expiratione
1306 529 1404 571 peaus
1415 529 1556 559 contrahi-

330 583 373 602 tur
385 594 394 607 ,
408 573 592 619 diaphragma
609 571 714 602 sursum
728 568 849 602 tollitur.
865 593 874 606 ,
892 572 958 600 hinc
975 570 1098 599 thoracis
1118 573 1255 611 capacitas
1270 568 1301 601 fit
1315 571 1478 613 angustior,
1497 570 1555 601 san-

327 619 390 656 guis
415 621 483 645 valis
507 615 676 654 pulmonum
691 636 700 648 ,
718 624 852 656 tanquam
876 612 1003 657 pulvillis
1024 611 1208 644 mollioribus
1227 623 1377 644 contentus
1393 612 1496 656 presius
1510 625 1555 644 ex-

327 661 468 699 primitur.
497 658 694 700 Diaphragma
710 656 780 686 vero
805 667 866 687 tum
890 667 969 687 motu
985 658 1132 696 ingenito,
1157 667 1216 686 tum
1243 656 1367 688 maxime
1387 659 1416 686 vi
1445 655 1557 687 muscu-

328 701 422 732 lorum
439 699 603 732 abdominis
615 723 624 736 ,
647 710 770 744 quorum
790 710 893 731 munus
912 700 950 730 cst
978 698 1082 729 viscera
1098 701 1288 743 comprimere
1305 723 1314 737 ‚
1338 698 1444 730 sursum
1466 700 1558 744 :idigi-

329 755 385 776 tur.

362 791 395 818 In
417 786 516 818 avibus
535 787 605 818 vero
624 785 780 817 debiliores
804 785 866 817 sunt
891 788 922 816 &
940 788 1066 816 minores
1096 784 1215 816 musculi
1239 784 1402 816 abdominis
1422 785 1509 829 quim
1524 796 1556 816 ut

328 830 384 861 lioc
408 830 498 873 ipsum
515 830 643 873 pi·:rstare
666 828 781 872 possint.
808 830 888 860 Nam
910 829 1031 859 sternunt
1053 828 1087 859 ad
1106 831 1197 859 imum
1216 827 1252 859 us
1269 839 1301 858 ue
1318 832 1423 859 ventris
1438 828 1558 860 descen-

328 872 371 904 dit
384 896 394 909 ‚
414 885 446 905 ut
469 873 601 904 musculis
623 876 745 917 pectoris
764 877 813 915 qui
834 872 869 903 ad
889 870 945 902 alas
960 871 1161 914 deprimendas
1180 875 1209 902 in
1224 841 1322 902 vgliatu
1348 871 1412 903 sunt
1434 871 1558 902 necessa-

329 919 362 947 rii
375 939 383 952 ,
398 916 540 960 praebeant
554 920 705 960 originem.
721 918 819 957 Qare
833 914 909 947 aliud
927 913 1080 946 artificium
1094 914 1225 945 adhibuit
1236 925 1339 945 natutae
1352 913 1460 958 opifex.
1478 915 1557 945 Cum

328 963 405 990 enim
425 961 577 1004 superiores
601 958 696 990 vesicae
735 961 838 989 ecioris
861 957 997 989 subeunte
1023 961 1088 988 a'e're
1112 956 1271 1001 implentur
1291 980 1300 993 ,
1327 958 1476 988 inferiores
1495 969 1556 989 tum

328 1002 449 1034 distendi
474 1015 531 1033 non
550 1003 663 1048 possunt
676 1024 685 1037 ,
717 1001 751 1032 ed
775 1002 790 1031 a
812 999 1001 1045 superioribus
1019 999 1117 1043 preffae
1131 1001 1335 1032 detumescunt.
1355 1005 1387 1032 In
1402 1003 1556 1044 expiratio-

331 1057 365 1075 ne
380 1057 474 1077 autem
493 1049 540 1076 ae'r
554 1048 667 1089 petitore
679 1044 829 1076 conclusus
851 1047 952 1088 partim
970 1055 1017 1087 per
1039 1046 1200 1086 Laryngem
1219 1047 1360 1088 erumpit,
1379 1055 1483 1087 partim
1497 1049 1558 1076 cxi·

330 1093 438 1120 manitas
458 1089 560 1120 vesicas
577 1087 728 1120 inferiores
746 1087 846 1131 implet
868 1110 876 1121 ‚
897 1089 968 1118 adeo
989 1098 1019 1118 ut
1044 1088 1151 1118 arctato
1170 1089 1283 1130 pedrore
1300 1087 1441 1118 abdomen
1457 1086 1558 1118 dilate-

330 1142 395 1167 tur,
416 1136 447 1163 &
471 1131 592 1163 vicissim
610 1145 617 1163 :
640 1143 706 1162 cum
723 1129 817 1161 vesicae
838 1130 1000 1161 abdominis
1014 1130 1187 1173 implentur,
1201 1141 1337 1161 contenta
1353 1129 1458 1161 viscera
1477 1141 1559 1160 coar-

331 1175 441 1207 ‹stantur
452 1198 461 1210 ,
480 1187 563 1217 atque
589 1175 666 1205 idem
681 1185 754 1217 pene
775 1172 905 1206 efficiunt
919 1172 1067 1205 inferiores
1081 1176 1177 1205 avium
1193 1171 1288 1204 vesicae
1299 1199 1308 1210 ,
1328 1173 1406 1218 quod
1425 1172 1558 1204 abdomi-

330 1221 373 1248 nis
397 1217 515 1250 musculi
538 1222 567 1250 in
587 1217 648 1249 aliis
669 1216 869 1248 animantibus.

360 1261 452 1304 Qod
471 1261 603 1305 exemplo
621 1259 734 1291 follium
748 1258 851 1302 quibus
870 1270 986 1290 utuntur
1002 1258 1094 1295 fabri,
1108 1259 1169 1290 satis
1183 1260 1247 1300 apte
1259 1257 1419 1290 illustratur.
1439 1261 1462 1289 Ii
1477 1262 1558 1302 quip-

329 1316 364 1348 pe
384 1305 446 1338 sunt
467 1304 595 1348 duplices
615 1307 646 1334 &
664 1306 703 1334 ita
717 1301 844 1345 dispositi
863 1314 893 1333 ut
919 1301 1056 1332 sublatum
1084 1301 1248 1332 inferiorem
1268 1305 1317 1331 a'c'r
1337 1301 1450 1337 subeat,
1466 1313 1559 1345 eoque

328 1347 458 1389 depreffo
477 1359 526 1391 per
544 1347 675 1378 foramen
696 1345 746 1376 alae
761 1356 823 1388 quae
846 1346 930 1376 instar
950 1344 1017 1388 septi
1033 1345 1133 1376 ambos
1150 1344 1233 1375 folles
1248 1344 1443 1380 disterminat,
1466 1349 1495 1375 ln
1514 1345 1558 1376 su-

329 1393 472 1434 periorem
495 1401 639 1423 commeet
653 1412 664 1427 ,
686 1392 717 1421 δέ
741 1387 815 1421 alam
832 1387 909 1420 illius
927 1386 1086 1433 supremam
1110 1387 1245 1424 attollat,
1269 1387 1355 1430 idque
1378 1387 1494 1419 alternis
1514 1387 1559 1419 ef.

332 1433 439 1466 ficitur.

369 1479 437 1509 Hoc
454 1481 576 1520 experiri
591 1477 696 1518 placuit
710 1479 739 1508 in
764 1475 928 1510 anseribus,
948 1477 978 1506 ὅ(
1002 1473 1084 1518 gallis
1103 1473 1231 1509 Indicis;
1261 1485 1327 1504 nam
1351 1485 1448 1517 aperto
1469 1474 1559 1505 abdo-

331 1525 409 1552 mine
428 1520 520 1553 illaesis
544 1521 660 1556 vesicis,
687 1520 804 1551 thorace
823 1516 953 1562 depresso
972 1521 1000 1548 in
1023 1521 1198 1562 expiratione
1222 1516 1374 1548 inferiores
1397 1516 1491 1548 vcficae
1512 1521 1558 1549 in-

334 1563 406 1595 flatae
422 1565 592 1608 apparebant
604 1590 612 1604 ‚
631 1575 693 1607 quae
707 1564 823 1594 thorace
840 1562 958 1593 dilatato
979 1559 1119 1592 subsidere
1138 1560 1204 1591 visse
1225 1559 1296 1591 sunt.

365 1611 391 1637 V
406 1610 454 1640 11.
481 1610 552 1638 Avis
574 1607 704 1651 quaedam
722 1606 821 1637 Indica
838 1617 902 1636 ante
927 1615 1034 1635 annum
1057 1615 1140 1646 ¹597.
1165 1606 1195 1633 in
1213 1605 1325 1645 Europa
1348 1614 1492 1646 nunquam
1516 1609 1559 1636 vi-

334 1650 361 1679 si
371 1653 399 1680 in
413 1650 504 1681 Indiis
517 1652 585 1680 Line
597 1673 606 1686 ‚
617 1650 633 1680 a
644 1649 728 1680 nobis
736 1648 836 1679 Casiiel
850 1648 938 1686 dieta,
952 1648 1093 1690 postremo
1107 1646 1222 1678 diffecta
1232 1647 1268 1676 est
1282 1649 1311 1677 δέ
1323 1645 1470 1689 descripta.
1486 1649 1559 1678 Haec

334 1693 486 1724 struthioni
508 1697 635 1736 corporis
657 1692 736 1723 mole
755 1695 885 1734 proxima
899 1714 908 1726 ,
929 1693 958 1721 ὅ(
983 1694 1010 1722 in
1025 1691 1159 1720 structura
1182 1700 1251 1733 pene
1265 1689 1301 1719 est
1317 1688 1481 1720 consimilis.
1497 1690 1558 1721 Alae

333 1736 493 1767 admodum
514 1747 606 1779 parva:
620 1759 630 1772 ,
655 1735 726 1766 adeo
742 1745 772 1765 ut
791 1733 841 1765 sub
860 1732 935 1765 dorsi
978 1737 1056 1764 cnnis
1071 1732 1268 1764 delitescerent
1284 1743 1292 1766 3
1316 1742 1414 1774 pcniiae
1435 1733 1499 1776 ipsa:
1511 1745 1560 1764 ut-

334 1777 353 1808 fi
365 1801 374 1813 ‚
397 1791 443 1809 aut
462 1783 523 1822 apri
540 1778 605 1823 pilis
624 1778 745 1816 similes,
770 1788 803 1808 ex
817 1775 896 1808 fibris
916 1745 1051 1818 oblongis
1067 1798 1075 1810 ,
1095 1779 1125 1807 δε
1148 1774 1241 1805 crassis
1258 1774 1421 1816 composita:
1434 1798 1444 1811 ‚
1460 1787 1560 1807 omnes

335 1822 461 1863 ejusdem
487 1822 581 1865 figura·
595 1845 603 1857 ‚
629 1833 688 1853 non
702 1820 737 1851 ad
757 1819 886 1851 volatum
903 1843 912 1856 ,
937 1819 982 1850 sed
995 1819 1029 1849 ad
1044 1818 1197 1862 tegendum
1211 1828 1313 1860 corpus
1325 1818 1466 1850 destinata:
1481 1841 1490 1855 ,
1508 1819 1559 1850 du-

340 1865 407 1908 plici
430 1864 506 1896 vclut
530 1865 645 1896 caudice
670 1863 846 1895 constabant.

378 1908 498 1939 Collum
517 1919 575 1939 erat
596 1907 735 1952 implume
752 1917 782 1937 ut
798 1908 828 1937 in
850 1905 926 1948 gallo
954 1905 1054 1935 Indico
1071 1927 1079 1940 ,
1100 1907 1140 1934 uti
1161 1907 1190 1935 ἃς
1214 1913 1295 1945 caput
1317 1905 1361 1931 cui
1382 1904 1461 1934 crista
1477 1904 1560 1934 instar

336 1950 447 1983 caffidis
468 1950 626 1989 insidebat,
645 1950 714 1981 tersa
735 1952 766 1981 &
783 1952 875 1979 nitens
892 1949 976 1979 inst-ir
996 1960 1085 1978 cornu
1107 1950 1194 1991 :quin
1212 1950 1241 1977 &
1263 1944 1338 1975 illius
1364 1943 1512 1977 substantia
1527 1959 1559 1977 cx

336 1998 422 2025 variis
443 1993 597 2038 composita
613 1993 733 2024 lamellis
755 2003 825 2035 pene
844 2002 947 2022 cornea
972 1990 1131 2021 videbatur.
1164 1991 1329 2020 Extremum
1354 1988 1432 2020 rostri
1458 1993 1487 2020 in
1506 2001 1560 2020 ires

337 2049 427 2079 partes
449 2037 569 2068 divisum
594 2049 624 2068 ut
647 2041 676 2068 in
694 2035 771 2077 gallo
789 2035 898 2065 Indico.
926 2037 958 2063 In
974 2045 1050 2076 parte
1070 2033 1138 2064 colli
1161 2032 1261 2064 infima
1287 2031 1348 2061 duae
1364 2041 1443 2063 erant
1454 2043 1560 2075 appen-

336 2082 411 2111 dices
431 2081 553 2112 carnosae
575 2080 631 2112 fere
652 2092 681 2112 ut
700 2085 728 2111 in
744 2079 831 2109 rostro
852 2076 987 2109 inferiore
1009 2076 1130 2118 gallinae.

371 2127 402 2154 ln
430 2124 525 2156 medio
542 2125 624 2156 sterni
645 2123 726 2156 tuber
740 2120 877 2164 implume
898 2125 927 2153 δί
952 2119 1089 2151 callosum
1110 2119 1260 2164 apparebat
1277 2141 1285 2155 ‚
1298 2122 1343 2149 cui
1364 2118 1447 2149 instar
1460 2117 1561 2148 cameli
