1638 2345
323 106 614 138 ACADEMIAE
655 106 927 138 HISTORIA.
961 109 1055 138 [τε.
1077 111 1099 138 1.
1257 120 1304 148 τος

80 147 197 180 Loduni
209 170 218 184 ‚
243 158 308 179 cum
325 152 353 180 in
378 150 585 181 Observatorio
611 149 642 181 sit
659 165 714 193 49⁸
734 162 781 189 13,
808 162 849 187 40
865 151 943 193 supra
964 151 1146 181 horizontem
1158 150 1225 180 elata
1240 174 1248 186 ,
1261 155 1301 181 in·
1321 151 1419 191 Obser1

78 194 177 226 venit,
197 202 228 222 ac
241 190 402 222 differentia
419 193 455 223 est
478 204 508 228 1,
531 205 588 230 49,
601 206 634 225 ιο
649 205 658 227 ·‚
674 205 707 223 tx
729 193 813 224 stellae
834 192 941 224 Polaris
953 192 1100 223 altitudine
1118 203 1168 233 51,
1190 197 1221 223 ιδ
1235 217 1241 228 ‚
1260 208 1300 235 40
1319 197 1405 225 vasio-

78 235 109 264 in
137 233 345 265 Observatorio
360 258 369 270 ‚
392 238 420 265 &
435 235 547 266 Loduni
569 248 609 274 49
623 258 632 271 ‚
649 248 684 269 29
698 258 705 270 ,
728 247 764 266 ιο
787 235 977 266 differentiam
999 247 1021 270 1,
1042 247 1079 272 49
1091 258 1099 270 ,
1124 247 1150 274 15
1164 258 1173 272 ,
1190 247 1301 278 repent.
1319 239 1419 266 nesDa

79 276 159 307 Cum
174 288 267 307 aurem
284 277 345 307 Poli
361 277 480 308 altitudo
500 282 529 309 in
548 279 642 321 Regio
659 278 867 309 Observatorio
894 278 909 308 ὲ
928 277 1146 322 retractionibus
1167 290 1300 321 expurga—
1321 282 1378 309 niae
1390 302 1396 308 .

79 329 109 348 ta
139 318 171 350 sit
192 323 251 359 48,
275 333 308 361 50
324 342 332 354 ,
359 332 390 350 10
422 320 543 351 elevatio
576 321 641 352 Poli
665 321 778 351 Loduni
802 322 838 351 est
862 332 901 360 47
918 344 926 356 ‚
951 333 991 356 0,
1022 332 1058 362 55.
1081 324 1123 351 uti
1146 320 1304 363 conjecerat

79 361 239 393 Ricciolus.
272 365 345 394 Fieri
371 363 458 405 potest
487 375 516 393 ut
541 362 699 394 Bullialdus
722 363 900 394 altitudinem
916 363 992 394 Solis
1018 368 1046 394 in
1070 363 1187 394 solstitio
1212 365 1305 395 aestivo

77 407 144 435 anni
163 411 229 444 1625
252 430 260 440 ‚
292 411 326 447 65
346 417 387 448 gr.
410 409 439 435 ὃς
463 417 496 442 29
517 418 556 437 rn.
580 406 644 436 loco
667 411 703 436 66
725 428 734 441 ,
760 418 796 445 29
819 405 978 449 scripserit,
1003 406 1081 449 quod
1103 409 1185 437 unius
1205 407 1307 449 gradus

76 457 202 478 errorem
224 447 343 479 induxit.
370 448 404 479 Id
425 448 488 478 sane
503 449 541 480 est
558 448 696 480 miraculo
711 452 804 479 virum
819 452 958 480 eximium
977 474 984 488 ,
1011 451 1060 492 qui
1076 449 1167 480 adhuc
1188 452 1217 480 in
1235 454 1308 481 vivis

75 500 157 526 etat,
179 502 243 521 curn
260 491 319 521 haec
351 490 533 522 scriberemus
548 517 556 527 ,
582 492 628 523 sed
654 495 748 533 paucis
768 492 874 522 abhinc
904 495 983 522 annis
1006 492 1083 522 diem
1107 492 1186 523 suum
1212 491 1307 528 obiit,

76 533 132 574 jam
157 543 218 564 turn
237 536 374 578 temporis
392 537 465 564 inter
485 538 640 578 praecipuos
654 535 706 565 suae
721 538 808 565 aetatis
824 536 1011 566 Astronomos
1026 534 1159 565 floruisse.

109 578 181 607 XII.
200 578 258 607 Die
275 587 322 616 ²9·
334 579 409 618 Sept·
428 580 456 607 in
471 577 579 620 oppido
593 578 751 608 Provinciae
763 577 975 619 Andegavensis
996 577 1150 608 Belloforti
1165 581 1284 609 nomine
1296 602 1307 615 ,

79 619 207 650 Martem
227 622 256 649 in
277 619 434 650 meridiano
452 631 507 651 una
528 631 593 650 cum
614 619 721 651 stellula
741 620 756 649 ὲ
768 620 856 650 tribus
876 619 964 663 qua-22
982 623 1091 660 Bayero
1106 619 1199 651 littera
1215 628 1238 650 Ψ
1255 621 1308 652 de-

77 660 224 703 fignantur
239 684 248 697 ‚
267 664 296 692 in
320 663 448 706 Aquario
467 662 629 694 observavit
660 663 702 693 D.
724 662 825 693 Picard
838 685 848 697 ,
871 664 1008 693 diameter
1027 663 1102 693 illius
1124 674 1153 704 25
1179 663 1230 694 sec.
1249 665 1308 695 visa

78 705 116 734 est
131 727 139 739 ,
164 705 259 735 mense
278 705 313 735 ab
330 704 508 748 oppositione
517 707 637 741 emoto,
660 707 690 735 in
705 717 760 748 qua
778 718 812 744 30
835 705 891 735 sec.
911 717 1083 748 apparuerat.
1112 707 1152 735 Ex
1168 706 1218 737 hac
1232 729 1240 742 ,
1253 707 1309 737 ob-

80 745 239 778 servatione
261 759 326 778 cum
346 748 398 778 alia
412 769 421 782 ,
442 759 503 789 quae
522 748 625 779 eodem
644 759 772 790 ternpore
794 748 810 777 ὲ
833 749 873 778 D.
892 749 999 779 Richet
1021 747 1093 778 faeta
1112 749 1150 778 est
1163 749 1307 790 Cayennae

80 788 192 832 colligit
215 792 253 821 D.
268 791 367 822 Picard
389 789 447 820 fere
462 790 652 822 insensibilem
665 790 744 821 fuiffe
760 793 863 821 Martis
887 790 1050 834 parallaxim
1064 813 1073 826 ,
1099 791 1206 822 tametsi
1221 791 1308 834 longe

80 843 143 863 tum
161 835 185 864 is
197 833 263 865 effer
290 845 369 865 terta:
391 836 528 877 propior,
553 845 639 876 quam
656 834 708 865 Sol
726 834 793 878 ipse.
824 834 920 876 Atque
937 845 967 865 ut
986 833 1043 877 ipse
1062 836 1090 863 in
1111 834 1194 866 editis
1210 834 1309 865 obser-

81 875 243 908 vationibus
257 888 372 908 annotat
390 899 398 911 ,
422 875 439 907 fi
455 887 539 918 quam
559 877 674 907 haberet
693 877 774 907 valde
792 876 950 907 sensibilem
964 876 1129 920 parallaxim
1143 902 1150 912 ,
1170 889 1231 908 earn
1247 889 1309 909 tum

81 918 257 960 prodidiffet.
282 920 378 962 Atque
391 919 435 950 his
458 921 498 950 D.
511 918 618 950 Caffini
639 918 779 950 assentitur
801 942 809 954 ,
832 923 882 961 qui
903 931 964 950 eam
984 919 1069 964 paulo
1093 923 1234 952 minorem
1255 919 1310 951 effe

82 962 223 993 diametro
243 965 388 1006 apparenti
409 963 492 1003 hujus
513 963 630 1005 planetae
643 974 676 993 ex
693 963 746 993 suis
758 962 1001 994 observationibus
1020 974 1207 1006 compererat.

128 1008 243 1038 X111.
275 1007 360 1036 Circa.
389 1005 465 1035 idem
489 1017 599 1048 tempus
625 1007 665 1037 D.
694 1005 803 1035 Caffini
838 1005 874 1036 de
906 1004 1085 1048 profectione
1109 1006 1205 1036 suain
1236 1007 1310 1036 Pto-

83 1050 210 1079 vineiam
224 1071 233 1084 ‚
255 1052 284 1080 &
302 1059 441 1079 extremas
462 1049 561 1078 Gilliae
576 1059 638 1080 oras
658 1048 800 1091 cogitabat
815 1074 821 1082 ‚
843 1047 903 1090 quo
921 1060 984 1078 eum
1004 1048 1050 1078 sua
1066 1047 1205 1080 vocabant
1221 1060 1310 1091 nego-

85 1093 132 1121 tia.
167 1091 221 1121 Sed
245 1102 396 1133 antequam
432 1090 656 1133 proficisceretur
673 1114 683 1126 ,
714 1103 777 1122 cum
800 1092 881 1121 Mars
909 1102 943 1120 eo
960 1090 1026 1122 loco
1052 1090 1149 1128 effes,
1173 1091 1223 1122 ubi
1252 1096 1311 1133 ejus

85 1133 235 1176 parallaxis
258 1156 267 1168 ,
301 1134 318 1165 fi
340 1145 402 1174 quae
426 1133 493 1164 effer
516 1133 649 1165 sensibilis
663 1157 672 1169 ,
698 1133 806 1164 facilius
826 1133 1000 1176 deprehendi
1024 1144 1155 1175 poterat,
1177 1134 1310 1164 observa-

85 1180 178 1207 tiones
195 1176 330 1219 plurimas
347 1176 412 1207 feeit
424 1176 480 1206 uni
500 1188 563 1207 cum
585 1179 626 1207 D.
643 1178 772 1207 Ro'e‘rner
784 1198 792 1211 ‚
808 1176 843 1206 de
862 1176 963 1217 quibus
976 1187 1146 1207 convenerat
1158 1180 1229 1207 inter
1245 1189 1310 1207 eum

87 1222 118 1250 δε
139 1220 178 1248 Ι).
205 1220 312 1250 Richer
326 1245 334 1259 ,
355 1222 402 1262 qui
427 1229 486 1249 tum
508 1220 627 1262 degebat
647 1220 800 1260 Cayenncr.
817 1219 883 1260 Jam
906 1230 939 1248 ex
966 1223 1120 1250 innumeris
1134 1219 1311 1250 observatio-

86 1261 168 1292 nibus
185 1262 229 1294 illi
247 1274 426 1306 compertum
444 1273 501 1293 erat
523 1264 648 1293 Martem
674 1266 704 1293 &
723 1262 794 1292 alios
822 1261 950 1292 Planetas
975 1273 1010 1297 17
1042 1273 1087 1293 aut
1112 1266 1139 1292 18
1163 1262 1274 1293 vicibus
1296 1262 1311 1293 ὲ

87 1314 159 1335 terra
181 1304 295 1347 longius
314 1306 411 1337 distare
424 1330 432 1342 ,
455 1306 543 1346 quam
566 1305 715 1348 superioris
734 1307 821 1335 aetaris
837 1304 985 1347 scriptores
998 1305 1153 1336 statuerint.
1177 1306 1231 1335 Sed
1247 1307 1312 1335 huic

87 1346 228 1378 occasioni
245 1347 335 1379 deeffe
364 1348 474 1384 noluit,
493 1347 573 1379 simul
594 1360 625 1379 ut
647 1348 782 1391 quasdam
803 1346 1013 1378 observationes
1038 1347 1072 1378 ad
1100 1349 1311 1391 Geograpbiam

90 1389 244 1431 specstantes
275 1394 303 1421 in
327 1391 386 1435 ipso
411 1394 511 1421 itinere
532 1389 678 1434 perficeret
701 1394 738 1422 D.
767 1392 817 1420 Du
850 1392 949 1420 Vivier
969 1393 1017 1432 qui
1038 1394 1066 1421 in
1090 1390 1190 1421 Galliae
1217 1392 1312 1422 charta

89 1432 257 1464 delineanda
276 1437 354 1476 juxta
381 1433 544 1464 Academia:
565 1434 757 1478 praescriptum
785 1444 842 1464 erat
861 1443 1012 1476 occupatus
1027 1455 1037 1468 ,
1063 1433 1118 1464 una
1139 1433 1231 1463 secum
1258 1433 1312 1464 du-

94 1486 145 1506 xit.

136 1521 224 1550 XIV.
250 1521 352 1551 Martis
378 1518 547 1549 Parallaxim
570 1530 603 1549 ex
618 1519 781 1551 meridianis
802 1519 998 1551 altitudinibus
1013 1522 1115 1551 Martis
1139 1522 1169 1550 &
1194 1518 1314 1562 fixaeip.

90 1561 110 1592 fi
131 1566 266 1605 proximae
283 1563 457 1604 investigavit
482 1563 522 1592 D.
548 1560 676 1597 Cassiui,
706 1574 774 1605 quas
795 1567 822 1594 in
843 1561 990 1592 elementis
1005 1563 1212 1593 Astronornicis
1232 1573 1314 1592 eom-

91 1616 170 1647 parat
190 1616 255 1635 cum
273 1609 305 1637 iis
324 1617 385 1647 quae
404 1605 418 1634 Ξι
440 1606 480 1634 D.
501 1605 610 1635 Richer
642 1605 785 1646 Cayennae
806 1606 906 1636 eodem
929 1617 1060 1647 tempore
1080 1605 1142 1636 sunt
1163 1604 1251 1635 factm.
1275 1607 1315 1635 Ex

91 1646 337 1679 observationibus
348 1651 457 1678 dicrum
475 1660 492 1684 4
507 1652 534 1679 &-
552 1659 572 1688 ς.
585 1648 757 1690 Septembris
779 1648 931 1690 utrobique
953 1648 1053 1680 habitis
1070 1652 1143 1679 inter
1154 1647 1317 1690 parallellos

93 1691 196 1721 horum
220 1690 348 1722 locorum
367 1690 531 1733 parallaxirn
549 1690 662 1721 deducit
682 1691 866 1722 facundorum
884 1703 932 1727 12,
948 1704 980 1721 ex
996 1690 1240 1722 observationibus
1256 1691 1317 1721 die-

92 1743 156 1763 rum
180 1737 195 1764 8
217 1737 245 1764 &
270 1747 287 1772 9
311 1734 483 1776 Septembris
504 1733 692 1764 secundorum
719 1746 768 1771 13,
791 1746 822 1763 cx
844 1738 875 1765 iis
892 1746 952 1776 qux
975 1746 1004 1774 23
1024 1738 1052 1764 ἅ
1081 1747 1126 1774 ²4
1142 1733 1319 1775 Septembris

95 1775 196 1806 habita:
221 1775 282 1808 sunt
313 1777 364 1807 stc.
394 1788 426 1813 ¹7
449 1802 456 1811 ‚
481 1781 510 1808 &
539 1789 571 1806 ex
604 1776 655 1806 hac
678 1777 812 1819 parallaxi
840 1776 978 1820 supposita
1000 1777 1188 1808 secundorum
1217 1788 1247 1812 ις
1268 1789 1317 1819 pa-

94 1817 222 1848 tallaxim
246 1818 456 1850 horizontalem
481 1823 509 1850 in
540 1831 571 1849 ea
597 1818 725 1850 distantia
750 1819 764 1848 ὲ
793 1830 864 1850 terra
883 1822 954 1850 inito
969 1820 1078 1850 calculo
1100 1820 1209 1861 colligit
1225 1820 1318 1850 secun·

94 1859 196 1890 dorum
223 1873 266 1902 25.

128 1904 205 1934 Cum
218 1903 378 1946 hujusmodi
391 1905 598 1937 observationes
614 1908 665 1935 iter
676 1905 780 1936 faciens
800 1909 979 1937 continuaret
994 1929 1001 1940 ‚
1015 1906 1059 1936 dic
1074 1909 1163 1949 prima
1178 1904 1317 1936 Octobris

96 1944 211 1988 vespere
228 1951 255 1978 in
271 1947 379 1990 oppido
399 1949 551 1979 Charitatis
567 1948 600 1978 ad
623 1951 746 1991 Ligerim
764 1949 923 1979 observavit
940 1949 1117 1979 altitudintm
1135 1950 1320 1978 meridianam

97 1990 202 2020 Martis
218 2001 251 2020 eo
265 1990 324 2032 ipso
338 2001 466 2032 tempore
489 2002 547 2032 quo
571 1991 605 2021 ab
622 1995 680 2031 ejus
699 1991 776 2021 disco
793 1992 987 2023 occultabatur
1006 1991 1059 2021 fixa
1079 1996 1106 2022 in
1132 2002 1199 2030 aqua·
1224 1993 1317 2031 Aqua-

96 2034 133 2061 rii
157 2031 203 2063 fita
216 2058 224 2071 ,
240 2043 324 2074 quarn
344 2033 413 2063 hora
437 2045 463 2068 2,
485 2048 522 2076 45
550 2038 685 2065 matutina
700 2038 759 2073 ejus
780 2035 836 2066 diei
851 2035 959 2065 viderat
979 2037 1075 2064 Biiarii
1096 2034 1244 2063 distantem
1271 2032 1319 2061 zd-

97 2074 152 2106 huc
179 2075 194 2106 ὲ
212 2076 306 2107 Marte
328 2078 445 2108 minutis
461 2076 504 2108 sex
519 2099 527 2113 ,
555 2077 626 2109 adeo
652 2076 759 2108 lumine
783 2081 964 2110 imminutam
979 2101 986 2114 ,
1007 2089 1035 2107 ut
1049 2076 1139 2107 oeulis
1156 2087 1201 2106 aut
1217 2074 1319 2106 Teles-

1165 2119 1194 2148 O
