1638 2345
206 174 297 204 Anu.

209 223 297 253 1690.

315 142 375 170 270
642 130 825 164 REGIAE
869 129 1270 162 SCIENTIARUM

314 175 451 205 diameter
470 174 508 205 est
527 177 608 206 unius
627 176 704 218 pedis
717 200 725 212 ‚
745 177 852 215 quique
875 172 1010 204 horarum
1027 177 1137 204 minuta
1161 173 1244 204 simul
1261 177 1292 204 &
1309 176 1447 217 magnetis
1459 171 1550 204 decli-

315 220 462 248 nationem
479 218 593 248 cxhibct
606 240 614 253 ,
637 219 702 248 huic
715 214 895 247 consimilem
912 217 927 247 ὲ
942 215 968 247 se
981 216 1072 247 visum
1087 219 1125 248 ait
1140 239 1148 252 ,
1171 218 1235 247 Rex
1262 218 1307 247 M.
1321 219 1353 248 B.
1367 229 1456 261 neque
1471 215 1548 246 aliud

315 261 368 290 css'e
396 261 613 291 instrumentum
643 260 811 303 indagandis
844 260 979 291 horarum
1010 263 1165 291 momentis
1192 263 1221 290 in
1240 260 1301 303 ipso
1328 262 1428 291 itinere
1458 262 1550 302 magis

316 304 463 335 idoneum.

361 350 388 378 X
404 350 429 377 V
444 350 463 380 1.
505 348 546 376 Ex
567 344 714 377 occasione
737 348 907 388 Magneticae
927 344 1128 377 declinationis
1154 357 1216 388 quae
1232 358 1282 389 pcr
1294 346 1416 378 annulos
1430 357 1488 377 tam
1509 345 1552 377 fa-

318 390 372 421 cile
391 390 542 421 innotescit
555 411 565 424 ‚
589 399 654 419 cum
673 388 708 419 de
729 392 763 419 iis
780 400 842 431 quae
865 391 982 420 Lutetiae
999 392 1029 420 δι’
1046 388 1109 420 aliis
1127 393 1157 421 in
1183 391 1252 420 locis
1269 389 1349 420 faeta:
1366 390 1428 421 sunt
1452 388 1552 420 obser-

319 431 484 464 vationibus
497 436 571 463 circa
586 432 663 463 illius
684 435 868 463 variationem
885 432 976 462 sermo
994 432 1144 463 habtrctut
1158 455 1166 467 ‚
1189 433 1325 474 quasdam
1341 437 1368 464 in
1386 432 1493 475 Anglia
1508 443 1554 463 re-

317 475 397 517 gulas
419 477 493 506 circa
521 474 585 506 illas
604 475 783 507 deviationes
812 478 940 506 inventas
964 474 1017 505 eise
1048 476 1112 506 Rex
1138 478 1184 507 M.
1211 478 1244 506 Β.
1266 476 1414 507 admonuit
1430 499 1440 512 ‚
1469 486 1553 519 atque

320 518 525 562 Ephcmcrides
552 519 636 557 hujus
658 520 824 550 variationis
840 518 875 549 ad
894 518 1067 548 decennium
1088 518 1176 562 usque
1194 518 1273 549 fuisse
1290 518 1441 562 descriptas
1461 544 1470 557 ,
1490 530 1554 562 qua:

319 573 384 592 cum
408 561 652 593 observationibus
673 561 735 592 satis
755 572 818 604 apte
842 560 1065 593 consentiebant.
1091 563 1152 593 Has
1174 565 1272 605 utiquc
1287 562 1499 592 observationes
1522 566 1552 593 in

319 616 425 647 magno
447 605 648 647 hemisphaerio
669 616 825 639 excavato,
846 604 926 646 quod
941 607 969 634 in
990 604 1093 647 palatio
1106 606 1202 647 Regio
1220 618 1247 636 v.
1271 604 1389 635 Vvithal
1404 631 1414 642 ,
1433 605 1471 635 cst
1491 605 1556 635 col-

319 646 447 679 locatum
465 670 473 683 ‚
497 648 585 679 factas
605 647 685 679 fuisse
709 670 718 684 ‚
753 650 782 678 in
810 659 868 691 quo
889 647 1089 689 hemisphaetio
1113 660 1248 692 regnante
1269 647 1390 690 Jacobo.
1418 651 1442 679 l.
1467 651 1557 680 Linea.

322 691 486 721 Meridiana
512 690 621 722 summa
641 703 708 722 cura
723 689 777 722 fuit
799 691 947 722 delineata.
979 690 1054 722 Illud
1076 703 1190 734 quoque
1210 691 1349 732 subjecit,
1376 703 1409 721 ex
1426 692 1479 722 hoc
1500 691 1555 723 he-

319 734 476 777 mispherio
507 746 573 765 cum
598 733 730 777 pendulis
750 744 915 777 comparato
937 734 1072 765 nonnihil
1093 734 1266 765 discriminis
1289 737 1363 765 inter
1385 736 1467 765 horas
1492 747 1555 766 rna-

320 780 424 807 tutinas
440 782 469 808 &
490 777 664 821 vespertinas
678 776 906 808 animadversum
926 776 1008 808 fuiffe
1024 801 1033 813 ‚
1055 778 1134 820 quod
1157 777 1373 808 restrictionibus
1390 788 1453 819 qua·
1471 789 1557 810 mane

320 820 406 862 paulo
425 831 547 860 majores
567 820 618 851 sint
630 832 716 863 quim
732 819 867 863 vespere,
886 820 975 852 tribui
996 821 1072 864 posse
1096 819 1248 864 suspicatus
1274 822 1312 851 cst
1336 822 1376 851 D.
1400 819 1532 852 Cassinus
1546 844 1556 857 ‚

320 866 370 904 qui
396 862 466 893 illud
487 864 630 904 judicabat
650 863 856 895 difficillimum
871 875 959 895 certas
980 867 1172 894 variationum
1186 875 1246 905 qua:
1264 866 1293 894 in
1314 875 1367 894 acu
1392 867 1558 905 Magnetica

320 908 494 948 contingunt
509 928 518 941 ‚
545 906 653 949 regulas
677 908 756 937 statui
778 906 854 948 posse
879 920 886 937 :
909 918 974 938 cum
994 919 1147 949 permagna
1172 906 1347 949 inaequalitas
1368 907 1479 938 Parifiis
1499 907 1554 938 ob-

320 947 426 978 servata
448 950 532 979 suerit
545 972 554 985 ,
575 961 606 979 ac
621 948 786 992 longiffimo
799 953 937 992 temporis
954 951 1044 993 spatio
1065 961 1138 993 opus
1161 949 1192 980 fit
1203 973 1213 986 ‚
1235 962 1294 993 quo
1311 953 1501 982 variationum
1516 949 1559 980 le-

319 1002 369 1033 ges
398 992 623 1033 comprobentur
644 1005 650 1023 :
670 994 742 1022 hanc
761 1003 856 1023 tamen
877 1003 983 1023 tentare
1006 996 1081 1023 viam
1100 993 1274 1023 laudandum
1290 993 1429 1024 atbitrati.

364 1035 442 1065 Cum
464 1035 570 1067 multus
593 1047 626 1066 ea
646 1035 684 1066 de
703 1047 732 1066 re
758 1035 850 1066 sermo
870 1035 1020 1067 haberetur
1034 1059 1042 1071 ,
1066 1048 1127 1068 tum
1153 1037 1217 1067 Rex
1241 1040 1280 1068 D.
1298 1037 1418 1068 Neuton
1436 1039 1466 1068 δί
1485 1035 1558 1068 alio-

320 1087 404 1113 rum,
422 1082 472 1120 qui
488 1090 567 1109 terrae
586 1078 707 1122 figuram
728 1090 786 1109 non
804 1081 885 1109 omni
898 1091 932 1110 cx
950 1091 1027 1122 parte
1043 1079 1196 1111 rotundam
1210 1091 1243 1110 ex
1256 1083 1341 1110 variis
1360 1083 1432 1111 circa
1452 1080 1559 1110 Verso-

321 1122 397 1151 rium
415 1124 618 1164 expeti-nentis
631 1121 684 1151 effe
698 1121 878 1162 judicabant,
895 1126 1064 1166 opinionem
1078 1123 1183 1154 retulit.
1198 1125 1284 1154 Hanc
1298 1125 1397 1166 utique
1411 1124 1452 1153 D.
1465 1121 1557 1153 Caffi-

322 1166 352 1192 ni
371 1175 404 1194 cx
424 1164 594 1206 quibusdam
612 1164 860 1196 observationibus
880 1176 954 1196 circa
970 1166 1074 1208 jovem
1089 1165 1171 1196 fastis
1191 1177 1284 1197 ortam
1304 1166 1358 1196 ess'e
1373 1166 1560 1198 existimabat.

323 1207 403 1237 Nam
422 1208 505 1250 Jovis
533 1208 625 1239 discus
647 1220 706 1238 non
725 1209 852 1251 undique
874 1212 1014 1240 rotundus
1037 1209 1181 1240 interdum
1206 1213 1370 1253 appatuit.:
1396 1210 1443 1240 scd
1464 1221 1558 1240 tamen

323 1250 431 1281 umbrae
454 1251 562 1282 telluris
579 1263 642 1294 pars
664 1251 712 1282 illa
733 1263 796 1294 quae
817 1255 846 1281 in
864 1251 1012 1295 eclipsibus
1036 1254 1145 1282 Lunam
1162 1253 1279 1284 obducit
1297 1277 1305 1290 ‚
1331 1264 1395 1283 cum
1415 1252 1446 1283 sit
1467 1256 1560 1283 circu-

322 1291 388 1323 latis
402 1316 411 1328 ‚
433 1294 461 1324 id
481 1294 540 1325 fere
558 1294 704 1337 persuadet
727 1305 806 1324 terrm
829 1292 950 1335 figuram
971 1294 1146 1337 aSpliaerica
1165 1307 1222 1325 non
1245 1295 1368 1326 multum
1385 1295 1486 1326 abesse.
1512 1297 1559 1327 Dc

325 1335 432 1367 telluris
450 1335 540 1377 ἧμαι-ι
551 1348 608 1366 non
621 1335 745 1379 perfecie
759 1338 897 1381 Sphaetica
910 1340 1105 1378 conjecturam
1120 1350 1152 1368 ex
1164 1338 1411 1369 observationibus
1423 1349 1492 1380 quas
1505 1342 1560 1370 viri

323 1380 428 1409 erujizi
449 1380 483 1409 ab
495 1379 651 1412 Academia
667 1379 739 1410 miffi
753 1383 783 1410 in
798 1379 923 1411 Antillas
940 1403 948 1415 ‚
978 1384 1007 1411 ὅ(
1023 1384 1052 1411 in
1069 1381 1171 1413 Viride
1184 1385 1416 1424 promontoiium
1432 1381 1561 1413 fecerunt

323 1421 488 1453 confirmari
507 1434 661 1464 utcumque
678 1421 756 1465 posse
781 1437 788 1454 ;
812 1435 876 1453 narn
895 1423 1017 1467 pendula
1038 1435 1101 1466 quae
1118 1423 1246 1454 secundis
1267 1424 1426 1468 quibusque
1443 1428 1563 1456 minutis

323 1465 500 1496 vibrationes
518 1467 575 1497 suis
598 1464 747 1502 efficiunt,
769 1467 937 1497 contrahere
959 1470 992 1497 iis
1013 1470 1041 1498 in
1069 1468 1139 1498 locis
1154 1470 1290 1511 oportuit.
1318 1468 1373 1498 Sed
1398 1467 1456 1498 fors
1473 1468 1510 1498 est
1530 1479 1561 1499 ut

324 1507 479 1539 discrimm
500 1509 572 1540 illud
595 1513 624 1540 in
647 1513 720 1540 neiis
737 1512 905 1553 temperiem
921 1509 952 1541 sit
972 1511 1180 1552 rejiciendum,
1203 1522 1268 1540 cum
1288 1511 1386 1542 cadem
1403 1514 1430 1541 in
1444 1514 1560 1553 regione

325 1551 504 1592 aliquantum
521 1552 693 1583 discriminis
713 1553 816 1583 hiemis
832 1557 861 1583 Sc
885 1554 982 1584 :estatis
999 1554 1178 1598 temporibus
1200 1553 1376 1585 observetur.
1400 1552 1475 1584 Illud
1492 1566 1560 1584 vcro

325 1595 464 1635 quidquid
487 1597 524 1626 est
548 1596 720 1627 discriminis
733 1618 742 1632 ,
763 1596 991 1628 constituendum
1012 1596 1086 1628 foret
1099 1620 1108 1633 ,
1134 1609 1163 1628 ut
1181 1597 1304 1641 pendula
1325 1596 1412 1628 (ssent
1426 1600 1561 1628 certiores

327 1642 463 1675 ttriipom
490 1640 639 1670 mensurat.

374 1683 437 1710 XV
452 1684 461 1711 1
478 1684 499 1711 1.
545 1684 615 1713 Haec
643 1681 765 1725 pendula
783 1686 930 1726 permagni
958 1683 1028 1714 usus
1049 1683 1102 1714 effe
1122 1685 1198 1729 poss'e
1218 1689 1247 1717 in
1270 1685 1450 1726 navigatione
1474 1695 1560 1714 exce-

327 1725 368 1766 pit
386 1725 448 1754 Rex
474 1727 518 1755 M.
541 1728 571 1755 Β.
597 1725 725 1766 Argium
747 1728 866 1755 nomine
886 1726 994 1757 Holms
1015 1730 1093 1757 navis
1113 1729 1332 1772 gubernatorem
1358 1726 1472 1757 duobus
1489 1739 1558 1769 pcn-

327 1766 401 1797 duiss
423 1770 494 1798 intti·
515 1769 539 1799 se
563 1769 674 1799 collatis
692 1769 773 1799 usum
795 1767 848 1798 css‘e
868 1791 878 1805 ,
908 1781 992 1811 atque
1016 1769 1043 1800 id
1066 1770 1138 1803 benc
1160 1770 1325 1814 proccffiss'c:
1352 1771 1447 1811 Hujus
1469 1774 1506 1801 rei
1530 1774 1559 1801 in

329 1810 383 1840 Gal
398 1813 422 1840 ia
447 1812 552 1841 sactum
575 1812 628 1842 effe
651 1815 876 1855 experimentum
894 1836 902 1848 ,
925 1813 940 1843 a
963 1813 1108 1845 nonnullis
1124 1819 1172 1857 qui
1191 1826 1251 1846 tum
1273 1815 1412 1848 aderant,
1436 1813 1560 1844 insinua-

329 1864 400 1883 tum.
426 1856 492 1884 tm
508 1858 585 1885 enim
604 1857 642 1885 D.
660 1857 780 1897 Hugcns
800 1855 962 1886 faciendum
983 1857 1164 1900 proposuerat
1185 1872 1192 1890 :
1212 1857 1260 1889 etsi
1289 1858 1385 1888 multa:
1413 1859 1560 1889 incurrunt

328 1896 508 1928 difficultates
532 1920 539 1931 ‚
563 1899 590 1929 id
615 1910 709 1929 tamen
729 1899 875 1930 fatendum
895 1901 954 1935 est,
973 1912 1007 1930 cx
1029 1901 1126 1933 multis
1151 1901 1281 1943 pendulis
1305 1905 1377 1933 intcr
1397 1900 1422 1929 se
1448 1901 1560 1932 collatis

328 1940 465 2013 puiddam
491 1940 558 1972 utile
581 1940 810 1985 longitudinibus
832 1941 964 1974 locorum
984 1947 1013 1975 in
1036 1944 1132 1976 medio
1155 1947 1276 1976 Oceano
1302 1943 1481 1977 inveniendis
1507 1955 1558 1974 cx-

341 1984 416 2020 culpi
441 1983 527 2027 posse.

376 2030 403 2058 X
416 2030 440 2058 V
454 2030 524 2060 111.
566 2029 622 2059 His
640 2032 782 2072 utrimque
801 2031 876 2061 circa
900 2031 1092 2072 pendulorum
1111 2031 1192 2062 usum
1218 2031 1320 2068 dietis,
1349 2033 1414 2064 Rex
1436 2033 1463 2060 in
1491 2041 1557 2060 enm

328 2069 424 2100 locum
443 2071 492 2102 ubi
513 2073 651 2103 machina:
672 2084 845 2112 reponuntur
866 2075 1031 2105 conscendit
1055 2099 1063 2111 ,
1091 2087 1122 2105 ac
1143 2087 1241 2118 praetcr
1263 2087 1374 2107 caeteras
1394 2073 1440 2105 illa
1458 2083 1520 2114 qua:
1540 2073 1557 2102 ὲ

328 2113 371 2158 D:
387 2115 497 2148 Romu
515 2119 674 2160 excogitata
691 2115 746 2159 fuit
766 2120 796 2150 ὅ(
812 2117 827 2159 ᾗ
844 2120 936 2161 perito
959 2117 1066 2162 artifice
1087 2120 1129 2154 D.
1141 2121 1275 2161 Thureto
1289 2118 1444 2163 fabricata,
1463 2117 1555 2158 Regis
