1638 2345
322 145 380 175 310
601 129 771 164 REGIAE
832 127 1234 161 SCIENTIARUM

200 184 290 215 ΑΝΝ.
319 177 380 210 sino
398 181 429 210 &
452 174 500 209 De
518 175 544 207 la
566 176 640 208 Hire
656 173 757 205 iridem
779 171 833 203 fuit
856 171 1012 205 observata.
1035 174 1094 203 Hic
1115 172 1185 203 vero
1202 172 1324 205 advertit
1351 182 1426 203 anno
1452 171 1549 214 16733

200 232 282 267 1693,
319 221 368 254 seu
388 233 422 260 19
443 232 506 252 anre
527 223 608 251 annis
632 221 719 249 Luna:
736 214 864 260 eclipsim
883 215 987 246 eodem
1003 215 1050 246 die
1066 215 1223 257 contigiss'e.

352 268 424 297 Vll.
440 268 508 297 Suas
524 268 551 294 in
561 262 731 302 postremam
743 261 830 290 Luna
844 258 971 304 eclipsim
981 258 1239 290 animadversiones
1256 258 1297 287 D.
1308 256 1415 288 Caffini
1429 258 1446 288 ὲ
1461 256 1550 299 scrip-

319 321 348 341 to
372 308 441 352 legit
461 331 471 343 ,
499 318 529 336 ac
551 305 627 336 filius
650 308 708 346 ejus
729 306 871 334 rationem
886 301 1034 346 proposuit
1057 301 1226 333 inveniendi
1239 300 1446 332 diametrorum
1467 300 1549 331 Solis

319 357 351 385 ὅ(
364 355 451 383 Lunae
463 361 511 393 per
523 348 677 390 obliquum
690 345 838 378 transitum
848 348 948 377 Lunae.
971 347 1097 376 Exeunte
1115 345 1169 376 hoc
1183 343 1279 375 mense
1289 342 1366 373 idem
1381 345 1420 374 D.
1437 341 1548 373 Cassini

321 395 400 426 filius
421 393 562 423 Chartam
578 390 810 433 Geographicam
831 389 963 421 exhibuit
974 412 984 424 ,
1007 391 1036 419 in
1051 399 1106 430 qua
1129 386 1325 431 longitudines
1338 390 1368 416 ὃ(
1384 385 1551 417 latitudines

313 441 394 480 juxta
422 439 600 467 recentiores
621 433 837 465 observationes
857 443 940 463 erant
959 431 1119 462 delineatae.

367 482 394 510 V
409 480 481 510 111.
512 479 551 508 D.
573 478 621 508 De
637 477 663 508 la
686 478 760 507 Hire
775 487 837 519 qum
863 474 895 506 sit
915 478 989 506 ratio
1001 474 1230 505 diamertiLunae
1242 472 1276 503 ad
1288 483 1368 503 terrae
1381 471 1551 504 diametrum

313 521 451 567 peculiari
476 521 581 565 scripto
602 519 737 564 expendit
752 542 761 554 ,
790 518 871 550 illam
890 517 943 549 effe
964 530 1020 558 275
1040 520 1162 561 partium
1181 514 1398 547 millefimarum
1417 517 1551 547 diametri

314 577 396 598 terrae
418 568 561 608 comperit
585 576 688 608 nempe
706 567 799 609 l—Zosso·

354 615 368 643 1
385 616 426 644 Χ.
451 612 538 643 Filius
554 615 613 652 ejus
634 612 728 643 mense
746 605 838 654 junio
852 612 882 640 in
905 608 1091 641 Academiam
1110 616 1260 648 cooPtatus
1272 604 1338 640 fuit,
1348 615 1379 635 ut
1397 617 1507 648 patrem
1521 608 1552 636 in

315 654 499 699 perficiendis
522 654 772 686 observationibus
788 652 944 694 adjuvaret.
961 653 1058 682 Paucis
1080 650 1141 693 post
1161 648 1260 679 diebus
1277 650 1317 678 D.
1338 648 1484 686 Maraldi,
1509 651 1552 680 D.

316 698 426 729 Caffini
449 698 464 728 ὲ
489 698 582 728 sorore
607 710 695 741 nepos
717 697 820 728 itidem
838 696 954 726 selectus
978 694 1034 725 fuit
1052 693 1067 721 Ξι
1095 693 1134 722 D.
1162 693 1209 721 De
1235 691 1478 728 Pontchartrain,
1504 695 1553 734 qui

316 742 481 773 Academiae
500 740 663 777 interesset,
691 745 722 773 &
743 739 915 771 avunculum
936 742 1044 779 juvaret
1066 738 1094 765 in
1120 734 1392 770 observationibus,
1414 737 1455 765 uti
1470 738 1499 765 &
1518 734 1554 765 fi-

316 785 370 816 lius
389 784 515 826 ejusdem
536 783 620 826 paulo
641 796 724 815 antea
747 783 841 815 eidem
858 783 969 813 muneri
986 778 1135 823 praefustus
1158 777 1258 811 fuerat.
1274 780 1346 817 Qo
1358 777 1476 819 quidem
1489 789 1554 809 om-

316 840 367 859 nes
389 827 502 870 egregxe
524 827 613 858 functi.
643 827 705 859 sunt
724 839 733 861 ·,
765 837 825 856 non
848 825 942 855 multo
962 824 1022 866 post
1044 833 1173 863 tempore
1192 822 1234 851 D.
1257 820 1401 852 Boulcduc
1421 822 1453 852 in
1478 823 1554 851 Aca-

315 871 445 901 demiam
458 870 584 900 adlectus
604 868 657 900 fait
680 870 695 898 ὰ
708 873 746 901 D.
769 870 815 898 De
843 868 1063 899 pontt-harnam
1076 886 1086 900 ‚
1107 866 1158 905 qui
1176 864 1232 893 una
1244 875 1310 894 cum
1331 864 1370 892 D·
1397 863 1553 907 Homberg

318 915 479 954 Chymicos
504 912 615 942 labores
635 923 833 955 promoveret.

369 959 407 987 D.
431 953 538 985 Caffini
552 954 738 986 collectiones
758 956 890 985 omnium
902 952 1144 995 conjunffionum
1159 951 1298 981 Mercurii
1312 961 1379 980 cum
1394 948 1472 984 Sole,
1486 959 1553 991 qua-

318 1011 382 1029 rum
403 999 570 1030 Astronomi
588 997 655 1028 cum
668 1009 775 1030 veteres
787 1020 796 1033 ‚
818 1008 881 1028 tum
901 998 1071 1026 recentiores
1083 997 1262 1025 mentionem
1277 992 1403 1023 fecerunt
1415 1014 1425 1028 ,
1442 993 1456 1022 ὲ
1469 992 1557 1035 [αἱρῇ

319 1053 349 1072 to
365 1043 495 1073 recitavit
513 1052 578 1072 cum
596 1040 649 1071 suis
669 1039 903 1073 annotationibus
916 1062 925 1074 ,
953 1038 999 1069 die
1025 1050 1056 1079 ¹9
1076 1037 1258 1069 Decembris.

748 1176 780 1211 C
804 1175 838 1210 A
862 1174 887 1210 Ρ
907 1175 952 1212 Π
969 1173 1005 1207 T
1079 1172 1142 1208 1⁷1.

720 1267 771 1298 De
791 1259 892 1296 Rebus
923 1259 1135 1296 Geometricis.

320 1350 344 1380 1.
409 1346 488 1378 Nter
506 1347 561 1378 alia
572 1357 636 1388 quae
650 1346 711 1377 sunt
728 1349 849 1389 purioris
870 1346 1044 1375 Geometriae
1063 1347 1093 1375 &
1113 1343 1307 1375 Arithmeticae
1316 1341 1493 1374 theoremata
1507 1344 1559 1373 D..

361 1351 398 1426 I
411 1392 564 1432 Varignon
583 1389 733 1420 illustrium
747 1388 939 1431 quorumdam
962 1389 1185 1418 Geometrarum
1208 1387 1307 1416 nostrae
1325 1388 1414 1416 aetatis
1435 1389 1554 1428 opinio—

321 1444 388 1463 nem
401 1435 475 1463 circa
490 1432 703 1475 longitudinem
726 1431 835 1475 spiralis
851 1430 1034 1462 Archimedis
1047 1429 1193 1465 refellens,
1202 1429 1326 1460 ostendit
1339 1438 1402 1458 eam
1419 1429 1473 1458 effe
1487 1429 1554 1460 lon-

319 1479 432 1517 giorem
454 1475 575 1506 dimidia
593 1487 670 1519 parte
688 1475 926 1506 circumferentix
944 1472 1042 1504 circuli
1061 1472 1278 1515 circumscripti.
1291 1470 1371 1501 Idem
1391 1471 1553 1513 generalem

324 1519 513 1554 Methodum,
524 1529 580 1560 qua
592 1529 740 1561 tangentes
750 1541 760 1554 ‚
779 1517 970 1561 longitudines
980 1538 989 1552 ,
1002 1519 1032 1547 ὅ(
1048 1516 1225 1559 quadraturae
1241 1514 1383 1558 spiralium
1396 1518 1490 1545 omnis
1499 1526 1554 1557 ge-

322 1565 397 1592 neris
418 1561 597 1604 parabolici,
620 1573 652 1592 ac
675 1561 796 1604 proinde
819 1564 904 1592 etiarn
929 1558 1108 1603 hyperbolici
1132 1562 1162 1590 δε
1185 1556 1376 1603 quarumlibet
1397 1556 1555 1598 revolu1102

323 1616 392 1634 num
415 1607 619 1640 inveniantur,
639 1605 735 1648 palam
757 1604 899 1648 exposuit.

373 1649 419 1677 11.
447 1648 566 1690 Aliquot
582 1648 642 1691 post
657 1648 758 1679 diebus
775 1647 960 1682 soliditatem,
976 1650 1007 1678 &
1029 1648 1177 1690 gravitatis
1199 1654 1326 1674 centrum
1347 1646 1478 1674 omnium
1489 1665 1498 1678 ι
1523 1655 1554 1675 ut

323 1701 446 1725 vocant,
464 1690 634 1733 ungularum
657 1690 885 1734 parabolicarum
898 1693 929 1722 in
950 1689 1096 1720 infinitum
1109 1688 1195 1733 usque
1206 1687 1416 1718 demonstravit.
1444 1689 1470 1716 Ις
1482 1697 1552 1728 quo-

323 1744 378 1774 que
403 1737 516 1764 incunte
545 1736 599 1765 boc
624 1746 699 1765 anno
721 1735 945 1765 Arithmeticam
973 1732 1157 1764 infinitorum
1180 1729 1352 1773 explanavit.
1376 1731 1447 1760 Haec
1466 1730 1481 1759 a
1508 1731 1550 1760 D.

326 1775 438 1806 Vvallis
451 1775 553 1818 infigni
574 1779 731 1809 Geometra
744 1789 793 1821 per
805 1777 1001 1809 inductionem
1020 1775 1221 1807 tantummodo
1238 1772 1326 1803 fuerat
1352 1772 1550 1804 demonstrata.

376 1821 445 1849 111.
476 1820 516 1849 D.
537 1823 582 1850 De
606 1820 631 1850 la
651 1823 724 1852 Hire
737 1821 899 1862 generalem
919 1819 1188 1851 demonstrationem
1204 1817 1259 1847 loci
1274 1815 1443 1857 angulorum
1459 1827 1552 1858 :equa-

324 1860 397 1892 lium
415 1884 423 1897 ‚
447 1873 519 1904 quos
540 1874 685 1905 tangentes
705 1864 863 1895 sectionum
885 1866 1049 1894 conicarum
1064 1860 1190 1892 efficiunt
1206 1882 1216 1896 ,
1228 1870 1343 1889 novam*
1357 1870 1471 1902 quoquc
1486 1857 1551 1890 des-

324 1903 453 1935 cribendi
478 1905 614 1936 stelione-s
638 1911 750 1937 conicas
766 1907 937 1939 methodum
957 1905 1084 1938 tradidit.

363 1950 415 1979 lv.
433 1948 473 1979 D.
487 1948 573 1978 Rolle
586 1950 729 1992 quandam
742 1951 903 1992 Diophanri
918 1951 1102 1992 quaestionem
1114 1946 1197 1977 solvit
1211 1968 1220 1981 ,
1242 1949 1272 1976 &
1284 1944 1383 1976 circuli
1396 1944 1550 1988 quadratu-j

327 2002 386 2021 ram
407 1989 612 2034 impollibilem
635 1991 688 2022 esl'e
711 1992 849 2035 peculiari
867 1993 969 2034 scripto
992 1991 1128 2022 ostendit.

345 2035 430 2106 stNec
456 2034 636 2077 prmtcrmiffa
661 2035 698 2065 est
717 2047 779 2079 pars
802 2034 851 2065 illa
875 2038 1067 2070 Omine-trix,
1092 2045 1152 2077 qua:
1172 2044 1236 2064 cum
1256 2031 1373 2073 Physica
1397 2031 1551 2071 conjunsta-

327 2088 340 2105 C
368 2100 373 2106 .
996 2085 1000 2091 '

366 2122 413 2162 ‚XT-
436 2122 476 2152 D.
504 2123 655 2164 Varignon
674 2121 836 2165 generalem
859 2120 975 2154 tradidit
993 2119 1163 2153 methodum
1187 2132 1242 2164 qua
1267 2119 1368 2152 media:
1382 2116 1546 2149 altitudines
