1638 2345
332 53 630 86 ACADEMIAE
654 56 940 90 HISTORIA.
975 61 1065 92 [ιε.
1096 64 1156 93 Ιν.
1283 75 1335 104 393

105 97 142 130 ad
161 97 239 129 diem
258 107 294 129 22
312 99 400 130 Lunae
414 99 506 129 adhuc
523 111 599 130 anno
621 102 671 141 588
684 101 714 130 in
731 100 853 132 Ecclesia
865 100 970 134 'Latina
982 102 1106 146 viguisse.
1132 107 1204 147 Qae
1219 108 1336 138 transsa-
1354 110 1451 149 Astra-

107 145 148 173 tio
173 142 316 173 Paschatis
346 145 374 173 in
393 142 487 183 Cyclo
507 146 546 179 84
571 154 713 174 annorum
735 143 761 174 se
784 146 908 188 prodit,
934 145 983 177 ubi
1005 147 1137 179 undecies
1165 154 1237 181 intra
1261 152 1335 183 illud
1350 155 1449 184 nomicae

106 196 248 216 annorum
265 186 384 228 spatium
406 185 506 217 festum
522 186 663 218 Paschatis
683 187 848 220 transfertur
873 203 880 221 :
902 188 949 220 sed
965 190 1000 222 de
1013 191 1055 222 his
1069 195 1126 233 jam
1144 192 1206 223 satis
1219 217 1228 230 ,
1254 195 1336 239 plura

102 227 220 259 fortaffe
233 231 263 259 in
282 229 331 259 suo
345 229 520 260 calendario
539 229 610 262 olim
628 230 708 262 dabit
730 231 770 261 D.
787 231 929 264 caffinus.

145 275 206 303 Die
233 283 266 303 11
292 274 409 315 Augusti
438 273 642 305 calendarium
673 278 702 306 in
722 273 827 307 lamina
847 289 977 320 argentea
999 281 1141 321 utrimque
1157 279 1337 324 'insculptum

100 315 238 347 :exhibuit
254 341 262 351 ‚
285 327 344 358 quo
366 318 426 348 dies
441 318 577 359 cujusque
596 317 785 350 hebdomadae
796 345 805 357 ,
819 319 865 350 die
878 321 1024 364 proposito
1045 323 1179 364 cujusque
1198 328 1264 355 anni
1281 326 1338 367 ju-

107 358 174 389 liani
191 362 221 389 &
238 360 408 401 Gregoriani
424 363 578 392 invenitur.
602 360 693 404 Qod
707 361 911 394 Calendarium
925 365 1087 396 faciendum
1105 364 1183 408 'juffit
1195 378 1308 411 rogatus
1322 369 1337 399 ὲ

106 400 275 445 quibusdam
293 401 438 434 nobilibus
463 403 576 447 Anglis.

515 540 548 577 C
572 540 608 578 A
633 541 660 577 P
683 543 722 581 U
747 542 784 578 T
857 544 918 579 II.

511 631 561 662 De
585 625 720 677 ftssitio
753 629 908 666 Hiemali.

103 709 129 740 1.
162 713 301 787 DUae
323 712 379 741 hoc
396 723 472 742 anno
495 715 677 756 contigerunt
700 716 789 746 Lunae
810 714 924 758 eclipses
943 739 951 751 ,
974 718 1052 758 prior
1068 717 1114 748 die
1137 723 1168 748 16
1189 720 1275 754 Maii,
1293 720 1337 750 se-

249 755 342 786 cunda
362 755 408 787 die
428 768 446 795 9
471 756 662 790 Novembris.
698 761 738 789 D.
755 756 863 790 Cassini
891 758 967 789 filius
987 759 1033 790 dic
1058 767 1089 790 16
1106 761 1188 803 Junii
1205 766 1294 793 varias
1322 764 1338 793 ἐ

102 794 219 829 diversis
241 796 312 828 locis
330 797 423 829 miffas
439 798 652 830 observationes
666 801 792 841 ejusdem
805 800 915 845 eclipsis
929 803 1048 845 protulit
1063 826 1071 838 ‚
1088 807 1117 834 δε
1134 807 1207 835 inter
1221 805 1287 836 alias
1305 808 1336 839 P,

103 841 238 872 Fontanae
252 843 389 872 Theatini
401 841 436 872 ab
451 845 596 876 Eminent.
607 843 904 887 CardinaliJansonio
917 845 1021 881 missas,
1035 851 1066 879 δι
1081 858 1114 876 eo
1128 859 1227 878 coram
1239 848 1336 879 factis.

150 884 208 914 Die
226 897 254 924 9.
268 884 448 915 Novembris
465 886 552 916 altera
565 889 686 929 contigit·
700 890 788 918 Lunae
801 887 910 931 eclipsis
925 912 934 924 ,
952 899 1014 929 quae
1036 892 1152 921 Lutetiae
1169 891 1257 921 videri
1279 904 1337 923 non

101 930 198 968 potuit
210 950 220 962 ‚
237 928 316 969 quod
334 928 441 959 coelum
458 927 524 959 esset
537 928 662 960 nubibus
678 929 838 962 obductum
851 957 860 970 ,
877 931 923 962 sed
940 931 1152 963 observationes
1167 932 1247 964 fac‘lae
1260 937 1337 965 Ave·

101 972 189 1000 nione
211 974 242 1001 δε
265 971 399 1014 Rupellae
417 971 496 1002 leerae
517 971 581 1002 sunt
605 972 619 1002 ὲ
650 974 691 1003 D.
710 975 750 1004 D.
769 973 889 1005 Caffino
906 978 936 1006 &
953 975 1000 1004 De
1016 974 1040 1005 la
1055 977 1127 1006 Hire
1142 999 1150 1011 ‚
1169 988 1231 1018 quae
1247 977 1337 1008 colla-

101 1023 136 1042 rae
155 1024 219 1043 cum
239 1013 350 1044 calculo
373 1015 413 1044 D.
442 1017 481 1045 Le
500 1014 588 1045 chre
609 1027 674 1046 curn
700 1028 735 1047 eo
756 1020 793 1047 ita
807 1017 986 1049 consentiunt
1001 1040 1011 1053 ,
1033 1029 1063 1048 ur
1080 1020 1207 1050 medium
1229 1020 1338 1064 eclipsis

102 1055 236 1098 Rupellae
250 1056 406 1088 observatae
419 1069 478 1087 uno
494 1067 602 1088 tantum
616 1059 692 1089 hora:
712 1064 825 1091 minuto
839 1061 854 1091 ὲ
867 1060 1004 1103 ρτπάἰᾶὶο
1021 1060 1131 1092 calculo
1147 1061 1287 1094 diffidcat.

147 1101 195 1130 11.
231 1101 290 1130 Die
309 1111 341 1130 22
367 1100 538 1132 Decembris
552 1100 764 1133 observationes
784 1104 844 1134 [uas
863 1107 935 1135 circa
949 1104 1082 1135 Hiemale
1104 1104 1252 1136 solstitium
1273 1119 1338 1150 per-

101 1143 176 1172 aestas
196 1145 326 1174 recitavit
347 1145 387 1174 D.
401 1143 543 1175 Caffinus.
570 1144 621 1174 Sol
644 1146 760 1188 quidem
776 1158 837 1177 tum
856 1150 992 1191 temporis
1017 1151 1143 1178 maxima
1158 1148 1336 1192 planetarum

100 1196 179 1226 parte
195 1197 251 1217 erat
271 1190 424 1219 comitatus
445 1201 452 1219 :
473 1199 539 1218 nam
557 1199 657 1219 omnes
678 1188 736 1220 fere
753 1189 874 1233 planetae
892 1190 969 1233 signa
982 1192 1114 1233 Tropico
1131 1195 1261 1235 proxima
1276 1195 1337 1236 post

103 1228 202 1259 Solem
225 1241 374 1261 tenuerunt
389 1253 398 1265 ,
419 1241 480 1261 non
502 1230 605 1266 firmil,
630 1231 677 1262 sed
701 1232 748 1263 alii
774 1233 835 1264 aliis
860 1233 1048 1265 succedentes.
1073 1235 1141 1276 Jam
1165 1246 1230 1266 ante
1255 1235 1337 1267 bien-

92 1274 181 1302 nium
211 1273 348 1304 Saturnus
374 1272 487 1316 iignum
509 1274 685 1317 Capricorni
712 1276 893 1319 occupabat,
916 1288 951 1306 ex
974 1287 1032 1318 quo
1057 1288 1177 1308 exeunte
1194 1279 1337 1320 Januario

91 1317 167 1346 ·anni
189 1315 388 1359 consequentis
403 1313 557 1358 egreffurus
582 1329 639 1348 erat
661 1318 722 1360 post
739 1318 815 1348 suam
834 1330 898 1349 cum
919 1318 987 1350 Sole
1001 1322 1249 1360 conjunclionem.
1275 1325 1337 1352 Vc·-

89 1368 153 1388 ·nus
173 1358 218 1388 die
239 1362 276 1390 28
301 1360 478 1390 Novembris
493 1360 568 1390 idern
585 1359 695 1402 lignum
710 1361 829 1403 ingress‘a
843 1383 852 1396 ,
875 1361 994 1393 ibicum
1016 1364 1113 1393 Marte
1130 1367 1285 1405 conjunsta
1298 1367 1337 1397 cst

101 1402 131 1429 in
152 1400 333 1443 longitudine
353 1402 399 1433 die
413 1415 431 1442 9
456 1402 643 1438 Decembris,
665 1415 730 1434 cum
747 1406 869 1435 Saturno
883 1405 929 1436 die
952 1418 983 1444 ¹9
1007 1406 1134 1447 ejusdem
1151 1406 1253 1437 menfis
1265 1433 1274 1444 ,
1290 1420 1336 1439 at-

99 1454 154 1486 que
174 1444 231 1474 hoc
249 1445 310 1488 ipso
326 1445 373 1476 die
390 1457 425 1477 27.
446 1446 616 1476 Decembris
633 1447 700 1476 hinc
719 1447 833 1489 egressa.

146 1489 308 1519 Mercurius
327 1489 427 1518 eodem
451 1491 544 1519 mense
565 1490 721 1521 Decembri
752 1491 850 1521 Solem
870 1493 1021 1521 comitatus
1041 1492 1078 1522 est
1094 1494 1123 1522 in
1144 1491 1224 1535 [igno
1239 1494 1336 1537 Sagirs

98 1533 162 1561 tatii
175 1553 185 1566 ‚
208 1531 287 1572 quod
307 1529 442 1574 ingreffus
472 1532 518 1563 die
543 1543 571 1562 ti
588 1555 597 1567 ,
618 1544 683 1563 curn
703 1536 783 1565 Luna
797 1534 1014 1576 conjungendus
1031 1534 1077 1565 die
1109 1546 1145 1575 ²3
1160 1557 1169 1570 ,
1188 1535 1235 1568 die
1252 1551 1263 1569 1
1281 1538 1334 1581 Ja-

100 1576 190 1604 nuarii
212 1575 267 1604 hoc
289 1574 399 1616 signum
420 1574 588 1607 deserturus.
1300 1611 1303 1616 Q

142 1619 223 1648 Luna
249 1618 309 1660 post
335 1617 416 1649 illam
445 1629 509 1648 cum
532 1619 681 1650 Mercurio
702 1621 939 1661 conjunfflonem
965 1620 1025 1651 Soli
1046 1620 1091 1651 die
1118 1632 1156 1656 24
1181 1621 1332 1659 socianda,

100 1670 166 1690 cum
193 1662 337 1696 Saturno,
365 1663 460 1693 Marte
474 1684 484 1697 ,
509 1665 540 1692 ὅ(
561 1665 674 1694 Venere
693 1662 738 1692 die
758 1669 793 1691 26
811 1663 970 1706 copulanda
984 1686 992 1699 ‚
1021 1664 1066 1694 scd
1089 1664 1129 1695 ob
1150 1664 1331 1697 latitudinem

99 1702 244 1734 borealem
267 1705 319 1734 hos
341 1704 466 1747 planetas
495 1716 554 1735 non
580 1715 655 1747 teget
689 1719 694 1736 :
730 1706 814 1736 Solus
829 1707 951 1749 ¹Jupiter
975 1707 1010 1737 ab
1033 1710 1066 1737 iis
1091 1706 1214 1750 syzygiis
1237 1720 1331 1739 remo-

99 1757 144 1776 tus
178 1758 272 1778 manet
298 1749 328 1777 in
360 1747 438 1789 ligno
463 1747 555 1779 Librae
579 1760 587 1784 ς
620 1747 738 1791 plancta:
762 1749 864 1791 reliqui
897 1762 998 1780 omnes
1022 1754 1049 1781 in
1081 1751 1133 1780 hac
1161 1753 1247 1783 Luna
1275 1751 1331 1782 sol-

98 1789 192 1820 stitiali
226 1793 320 1821 minus
345 1802 430 1833 quarn
449 1794 532 1822 unius
553 1791 622 1834 signi
644 1792 731 1835 spatio
752 1804 942 1823 removentur.

142 1831 269 1863 Annales
291 1834 423 1865 Sinenses
443 1834 459 1864 ἓι
483 1835 516 1865 P.
532 1837 651 1865 Martini
669 1835 748 1866 relati
767 1836 918 1866 concursus
941 1848 952 1877 5
979 1835 1157 1879 planetarum
1177 1841 1205 1868 in
1227 1837 1330 1867 codcm

100 1873 178 1915 {igno
202 1879 399 1908 meminerunt
423 1891 430 1909 ς
455 1876 501 1908 sed
525 1879 565 1909 D.
592 1877 699 1910 Caffiui
722 1882 749 1908 in
778 1879 969 1910 dissertatione
994 1880 1126 1919 peculiari
1143 1906 1151 1918 ,
1179 1891 1265 1922 quam
1289 1884 1330 1910 vir

102 1919 238 1950 Nobiliss.
256 1923 285 1950 δέ
307 1920 426 1951 0οᾶὶίΠῖ
453 1921 494 1951 D.
520 1922 566 1951 De
586 1921 611 1951 la
629 1921 757 1953 Loubere
780 1922 886 1964 publici
906 1925 972 1964 juris
990 1922 1056 1952 fecit
1079 1927 1106 1952 iii
1124 1924 1260 1954 relatione
1287 1923 1331 1954 sin

100 1962 136 1992 de
159 1974 247 2005 regno
268 1963 425 1999 Siimensi,
440 1963 642 1996 demonstravit
663 1965 693 1995 id
714 1966 842 1996 accidere
864 1978 921 1996 non
942 1965 1061 2008 pofflssffi'
1076 1989 1084 2000 ‚
1106 1965 1156 1996 Πίῐῖ
1169 1970 1332 2010 quingssffiis

99 2009 180 2037 annis
202 2006 261 2049 post
285 2018 394 2049 teinpus
414 2007 494 2049 quod
518 2008 584 2038 huic
599 2008 790 2040 obsetvatioui
813 2009 945 2040 tribuitur
959 2014 1036 2051 jiixm
1059 2020 1121 2039 eam
1139 2010 1307 2041 methodum
1320 2031 1330 2045 ‚

98 2059 156 2091 qua
178 2051 213 2080 ad
235 2050 358 2080 nostram
375 2049 495 2082 refertur
513 2052 663 2094 epocham,
1063 2095 1091 2123 D
1111 2092 1151 2124 {d

1103 2108 1112 2123 t
