1638 2345
173 168 264 196 ANN.

177 215 266 250 1667.

285 132 321 151 20
584 118 771 150 REGIAE
808 117 1227 150 SCIENTIARUM

284 161 423 205 operandi
445 163 554 192 ratione
571 171 658 204 quam
670 161 860 204 vulgaverunt
872 161 1070 193 transfusionis
1085 163 1197 204 patroni
1214 158 1338 200 judicari
1351 171 1410 190 non
1424 163 1520 205 potuit

284 217 424 248 quantum
440 205 582 248 sanguinis
601 217 635 235 ex
656 216 715 236 uno
729 204 847 236 animali
863 208 891 235 in
906 205 986 236 aliud
997 207 1177 236 commearit.
1195 206 1236 234 Ex
1254 201 1440 235 suffocatione
1454 208 1521 246 qui-

284 250 350 280 dem
366 248 490 280 multum
510 247 654 290 sanguinis
677 260 710 279 cx
729 251 812 279 unius
831 251 932 279 arteria
948 252 977 279 in
1000 259 1104 279 venam
1115 246 1230 278 alterius
1243 246 1436 279 transmissum
1450 247 1522 280 fiiis.

284 293 311 323 se
326 293 410 324 facile
428 294 600 334 conjicimus
615 305 622 324 :
643 290 692 322 sed
712 291 762 323 ubi
781 303 881 336 parum
899 290 1010 331 effluxit
1023 314 1032 327 ‚
1053 303 1118 322 cum
1133 289 1219 322 massa
1232 290 1376 332 sanguinis
1392 291 1521 323 confun-

283 335 314 367 di
336 340 450 379 p0tuit,
470 336 541 366 adeo
561 346 592 366 ut
607 334 682 366 nihil
697 346 744 366 aut
758 347 860 379 parum
882 337 1053 367 nocumenti
1078 333 1194 366 animali
1217 335 1359 365 intulerit.

319 383 359 411 V.
385 382 446 421 Qi
467 389 568 410 contra
591 378 771 415 sentiebant,
789 379 879 411 multa
897 378 1105 423 opponebant:
1122 377 1250 422 primum
1268 389 1374 420 magno
1390 388 1522 411 naturam

283 421 463 454 debilitatam
476 434 563 454 onere
577 422 689 458 levari,
708 421 728 453 si
763 425 842 454 rimae
858 426 889 454 δέ
903 422 1031 454 sccundae
1049 423 1178 454 costioni
1198 433 1296 453 vacare
1311 433 1370 452 non
1391 432 1523 465 cogatur,

282 465 354 497 dum
372 465 451 497 calor
470 469 500 497 &
525 465 639 509 spiritus
656 464 710 497 alia
725 434 836 498 obeunt
858 477 976 497 munera
994 469 1059 497 vita:
1075 465 1225 497 necessaria
1236 488 1246 501 ,
1260 476 1352 508 neque
1365 467 1394 496 in
1410 467 1524 497 coelio-

283 520 320 539 ne
338 510 545 541 alimentorum
566 508 776 545 absumuntu13
799 510 854 540 hoc
875 509 973 540 saltem
992 509 1096 540 habere
1123 508 1273 540 commodi
1291 519 1353 540 eam
1380 508 1523 552 sanguinis

284 552 507 584 transfusionem
524 563 554 583 ut
575 551 679 584 effoeto
694 556 724 583 &
749 564 820 596 pene
837 564 974 596 corrupto
998 552 1126 596 sanguini
1148 552 1220 584 alius
1236 556 1266 583 &
1301 563 1386 590 urus,
1405 556 1433 583 ἃ
1450 552 1523 583 bene

284 595 448 627 elaboratus
470 596 662 629 substituatur.
684 597 792 639 Neque
811 607 911 628 natura
929 596 987 640 ipsa
1005 618 1016 632 ,
1039 607 1103 640 qua:
1124 595 1233 640 semper
1251 564 1299 627 aas>
1312 594 1524 638 perfeetionem

283 640 436 671 contendit
448 662 457 675 ,
474 650 534 670 tam
553 650 751 683 opportunum
769 638 931 683 praesidium
947 639 1145 683 aspernabitur
1158 662 1166 675 ,
1181 638 1432 683 quemadmodum
1443 642 1471 670 in
1482 651 1524 670 ar-

284 681 364 713 boris
386 682 568 714 insitionibus
589 686 734 714 cernimus
753 684 889 726 agrestem
912 686 942 714 &
962 683 1099 714 acerbum
1116 682 1230 714 succum
1252 686 1281 713 in
1297 681 1409 713 surculo
1434 682 1526 714 inser-

285 736 316 756 ιο
333 726 445 757 domari
470 730 501 757 &
523 725 624 769 perfici
641 740 647 758 :
668 726 771 768 quidni
784 729 813 756 in
834 725 1008 758 animalibus
1028 726 1106 757 idem
1128 725 1192 757 fieri
1212 729 1338 769 poterit?
1355 726 1445 767 Qod
1465 729 1525 758 uti-

284 780 340 811 que
370 769 540 801 confirmari
563 771 655 813 potest
677 773 763 801 variis
780 772 982 813 experimentis
1009 781 1072 812 qux
1092 773 1122 800 in
1148 769 1230 801 Italia
1248 768 1322 800 facia
1341 768 1526 806 referuntur,

285 823 352 844 cum
377 817 450 856 parti
470 816 599 857 corporis
617 813 756 844 mutilata:
775 812 832 844 alia
852 824 948 845 recens
977 813 1068 844 excisa
1086 817 1117 845 &
1143 813 1237 844 adhuc
1258 816 1325 844 viva
1343 811 1447 843 inserta
1463 814 1524 850 est,

284 867 347 898 qua:
386 868 482 888 tamen
503 868 569 888 cum
588 856 639 888 illa
654 856 771 888 coaluit.
795 856 949 888 Addamne
971 860 999 887 in
1019 856 1124 900 Anglia
1140 860 1169 887 δε
1194 855 1257 887 aliis
1277 859 1306 888 in
1323 856 1394 887 locis
1409 855 1525 900 sangui-

284 910 352 930 nem
366 911 441 932 tanta
452 903 535 943 copia
552 900 567 930 ὲ
580 911 649 931 cane
661 900 815 936 edustum,
837 905 867 933 ἕ(
883 903 913 932 in
928 900 1016 931 alium
1038 899 1211 932 transfiisum
1229 902 1276 931 cui
1294 902 1427 943 proprius
1440 911 1527 932 cruor

285 953 358 986 pene
372 947 468 975 omnis
491 943 643 986 ademptus
668 944 760 976 fuerat
775 956 783 980 ·‚
800 955 831 975 ut
850 947 947 988 priore
968 946 1098 976 castineto
1116 943 1254 988 posterior
1271 947 1302 975 ἔ(
1321 946 1454 986 vegetior
1466 967 1477 980 ,
1492 947 1524 976 δε

284 985 430 1018 robustior
444 988 519 1018 visus
535 986 631 1019 fucrit.

320 1034 348 1062 V
365 1031 388 1061 1.
416 1032 472 1061 His
496 1034 527 1062 δι
540 1029 604 1061 aliis
623 1029 782 1074 reponebat
800 1041 909 1073 magno
928 1032 974 1061 vir
993 1031 1112 1072 ingenio
1126 1052 1136 1065 ,
1155 1042 1189 1061 ex
1205 1028 1339 1061 insitione
1359 1032 1390 1061 δέ
1409 1041 1526 1073 vegeta-

287 1075 366 1103 tione
387 1072 549 1116 plantarum
572 1073 646 1104 nihil
662 1073 739 1117 poss'e
753 1073 890 1104 concludi
904 1075 934 1104 in
951 1075 1072 1116 gratiam
1093 1072 1292 1105 transfusionis
1305 1099 1314 1110 ,
1331 1084 1397 1104 cum
1413 1076 1526 1104 anima-

286 1115 360 1147 lium
378 1120 499 1148 nutritio
521 1116 536 1146 ἐι
554 1119 735 1158 vegetatione
757 1116 920 1158 plantarum
932 1115 1046 1147 tantum
1061 1116 1166 1153 distet,
1184 1128 1326 1160 quantum
1347 1128 1526 1159 organorum

286 1170 434 1202 apparatus
449 1163 479 1191 &
499 1160 637 1191 structura
656 1162 730 1190 inter
750 1160 776 1190 se
793 1158 942 1190 differunt.
960 1162 1112 1202 chcratio
1124 1160 1244 1201 quidem
1256 1172 1304 1191 aut
1319 1163 1440 1191 nutritio
1458 1164 1526 1192 uni-

288 1201 390 1233 vetfim
408 1202 532 1246 sptstata
550 1204 675 1245 utrisque
695 1205 859 1233 communis
879 1203 935 1238 est,
959 1202 1005 1233 sed
1025 1202 1129 1233 modus
1149 1204 1207 1246 ipse
1228 1215 1286 1246 quo
1302 1215 1334 1234 ea
1348 1202 1401 1239 fit,
1417 1204 1455 1234 est
1465 1203 1527 1246 pla-

287 1245 325 1276 ne
343 1245 507 1281 dissimilis3
528 1258 586 1277 non
601 1245 722 1277 eandem
737 1245 854 1277 adhibet
878 1257 978 1277 natura
1007 1257 1105 1277 curam
1139 1250 1170 1278 δε
1187 1247 1371 1290 diligentiam
1393 1250 1424 1278 in
1447 1247 1528 1290 plan-

291 1292 325 1319 tis
349 1291 527 1326 nuti-iendis,
550 1289 637 1332 quam
661 1292 691 1320 in
713 1288 896 1321 animalibus.
923 1291 957 1320 In
976 1290 1020 1321 bis
1036 1290 1136 1320 eadem
1154 1289 1264 1334 semper
1288 1293 1444 1332 &optima
1459 1302 1528 1334 pro-

290 1332 420 1374 greditur
441 1337 510 1367 via·‚
537 1345 593 1363 una
612 1334 651 1364 est
671 1335 748 1364 enim
768 1332 907 1376 operandi
928 1335 1020 1368 ratio,
1044 1344 1111 1364 cum
1133 1333 1171 1364 est
1192 1336 1313 1377 optima.
1336 1334 1409 1365 Non
1426 1335 1527 1366 eadem

291 1377 330 1406 est
345 1379 373 1406 in
392 1376 498 1420 plantis
512 1380 584 1408 ratio
595 1399 605 1412 ,
625 1379 654 1406 in
674 1376 779 1418 quibus
792 1375 872 1407 radix
886 1388 948 1419 qua:
969 1379 1030 1407 otis
1041 1387 1089 1408 aut
1104 1376 1258 1408 ventriculi
1268 1402 1277 1413 ,
1297 1387 1344 1408 aut
1358 1377 1452 1408 cordis
1466 1377 1529 1409 for-

287 1420 316 1451 ῐὲ
326 1431 428 1451 munus
441 1420 505 1451 obit
518 1442 527 1456 ‚
541 1431 600 1450 non
618 1420 657 1450 est
673 1420 816 1451 strucsturae
839 1419 912 1451 adeo
923 1418 1088 1461 exquifitae,
1107 1431 1139 1451 ut
1158 1431 1251 1464 partes
1272 1419 1333 1451 aliae
1354 1431 1382 1451 v.
1401 1431 1447 1464 gr.
1461 1432 1529 1453 cor-

290 1474 336 1494 tex
355 1485 366 1498 ,
389 1475 504 1494 truncus
522 1486 531 1499 ,
546 1475 594 1494 aut
615 1466 688 1494 rami
710 1464 813 1495 codem
832 1475 950 1494 munere
964 1462 1045 1505 fungi
1065 1474 1124 1493 non
1139 1462 1256 1506 poffint.
1271 1465 1352 1495 Nam
1367 1475 1465 1495 cortex
1480 1476 1529 1495 ro·

290 1518 320 1537 re
343 1506 460 1538 madens
478 1506 605 1552 plantam
626 1506 699 1542 alit,
723 1510 754 1538 &
779 1507 926 1539 interdum
951 1507 1058 1538 radices
1081 1509 1203 1543 emittit,
1225 1518 1258 1538 ut
1273 1518 1340 1538 cum
1362 1519 1456 1539 ramus
1472 1507 1530 1540 vasi

291 1561 365 1580 terra
386 1551 506 1594 oppleto
525 1550 722 1581 concluditur.

327 1596 378 1624 VI
392 1595 414 1624 Ι.
438 1594 537 1636 Longe
550 1593 605 1625 alia
625 1594 663 1624 est
679 1596 751 1625 ratio
776 1593 946 1625 animalium
957 1616 966 1629 ,
982 1604 1107 1637 quorum
1128 1596 1249 1625 nutritio
1271 1604 1330 1624 non
1355 1592 1504 1637 perficitur
1517 1616 1528 1631 ,

292 1636 345 1668 nisi
359 1636 449 1668 adfint
471 1640 571 1668 omnia
590 1648 653 1679 quae
675 1649 776 1669 natura
798 1636 868 1668 solet
889 1637 1048 1668 adbibere:
1069 1637 1141 1668 adeo
1158 1648 1188 1667 ut
1204 1639 1302 1680 prima:
1322 1638 1470 1668 costiones
1482 1660 1492 1673 ‚
1510 1636 1529 1668 si

294 1679 370 1712 forte
392 1679 567 1717 defecerint,
606 1691 669 1722 quae
689 1680 864 1724 sequuntur,
888 1680 1003 1711 illarum
1026 1679 1173 1711 descistiim
1191 1680 1291 1710 sarcire
1315 1691 1374 1710 non
1396 1679 1527 1717 valeant,

294 1734 327 1753 ac
346 1726 445 1767 primae
461 1723 628 1766 digestionis
649 1735 728 1755 error
748 1724 784 1754 ad
805 1723 929 1767 reliquas
946 1735 1104 1766 permanet.
1125 1725 1223 1765 Atque
1238 1733 1269 1753 ut
1289 1722 1388 1766 palatii
1405 1722 1530 1754 substru-

296 1769 354 1798 ctio
369 1779 402 1798 ex
420 1767 564 1809 lapidibus
584 1767 648 1810 apte
669 1766 810 1812 dispofitis
829 1771 858 1799 δέ
878 1767 1022 1810 quadratis
1043 1766 1104 1798 fieri
1119 1765 1204 1797 debet
1217 1788 1227 1801 ‚
1247 1777 1313 1797 curn
1324 1769 1471 1809 tugurium
1482 1777 1530 1798 aut

293 1810 354 1841 casa
371 1821 404 1840 cx
416 1810 510 1841 obviis
524 1809 663 1854 quibusve
686 1809 840 1855 lapidibus,
855 1822 901 1841 aut
915 1821 949 1840 ex
964 1810 1079 1841 alterius
1088 1808 1272 1840 domuncula:
1283 1809 1433 1841 ruderibus
1443 1810 1531 1841 strua-

293 1865 349 1887 tur.
378 1855 427 1885 Sic
450 1865 542 1896 partes
564 1853 695 1885 animalis
716 1865 839 1897 quarum
862 1854 1000 1884 struitura
1016 1853 1054 1884 est
1076 1852 1234 1884 admodum
1245 1852 1400 1896 exquisita,
1420 1864 1454 1884 cx
1467 1853 1532 1884 san-

291 1901 378 1939 guine
404 1897 608 1929 tantummodo
630 1900 660 1928 in
683 1900 807 1941 propriis
830 1896 1096 1941 organiselaborato
1109 1895 1146 1927 ali
1168 1894 1302 1938 possunt,
1327 1907 1373 1927 aut
1399 1896 1529 1931 formari.

295 1942 361 1972 Nec
380 1943 456 1972 canis
474 1952 502 1972 v.
522 1952 563 1984 gr.
583 1952 662 1976 caro,
673 1940 767 1984 vulpis
780 1963 788 1976 ‚
809 1944 870 1972 imo
880 1952 932 1972 nec
947 1939 1062 1971 alterius
1083 1941 1160 1970 canis
1171 1939 1304 1982 sanguine
1329 1943 1451 1983 reparati
1496 1951 1532 1970 o-

294 1985 366 2016 rest:
387 1983 637 2027 qucmadmodum
660 1983 756 2015 saxum
779 1983 815 2015 sic
832 1983 956 2015 excisum
978 1994 1009 2014 ut
1030 1981 1136 2014 fornici
1157 1994 1289 2026 aptetur,
1312 1995 1365 2015 nec
1378 1986 1454 2015 muri
1478 1983 1531 2014 ub-

294 2028 441 2058 ssruc'tioni
454 2051 462 2063 ,
490 2039 540 2058 nec
560 2027 642 2059 alteri
660 2027 766 2059 fornici
784 2028 823 2059 est
839 2026 1099 2058 accommodatum.

326 2073 422 2113 Atque
439 2074 469 2101 in
490 2073 545 2102 hoc
560 2071 622 2114 ipso
642 2070 731 2114 posita
753 2072 791 2102 cst
810 2074 906 2102 omnis
921 2081 1028 2101 natura:
1043 2072 1116 2101 ratio
1137 2073 1167 2102 &
1188 2072 1354 2102 oeconomia
1366 2080 1421 2112 qua
1436 2071 1528 2100 vitam

295 2114 463 2146 annualium
486 2116 564 2148 fovet
583 2118 613 2148 δε
630 2125 743 2152 tuetur,
769 2126 798 2147 ut
819 2126 911 2159 partes
929 2125 1032 2149 omncs
1055 2113 1121 2146 licct
1138 2112 1289 2147 dissiiuiles
1313 2118 1386 2145 inter
1410 2111 1435 2144 se
1457 2123 1528 2143 con-
