1638 2345
292 109 585 140 ACADEMIAE
620 108 902 140 HISTORIA.
939 111 1073 142 L113.1.
1257 120 1295 155 67

36 153 42 157 '
60 151 185 196 Epistola
206 162 292 193 quam
318 156 362 183 vit
386 151 566 184 Illusttiffim.
589 155 619 183 &
645 156 726 184 omni
747 152 878 183 doctrina
900 153 1031 196 praestans
1061 155 1100 184 D.
1120 156 1198 187 Huet
1222 170 1295 189 nunc
1314 161 1359 189 De

60 194 244 228 Abrincensis
263 195 416 239 Episcopus
436 195 547 226 miserat
565 195 611 226 die
628 207 675 236 ²9·
690 195 762 238 Julii
775 218 784 230 ‚
807 194 879 225 leeta
899 197 953 226 fuit
977 200 1007 228 δέ
1024 200 1053 228 in
1070 204 1296 232 commentarios
1310 201 1389 241 Hist.

60 238 155 270 relata.
192 241 252 269 Hic
272 240 354 284 piscis
374 239 419 270 sex
438 238 522 283 pedes
542 237 645 281 longus
658 251 716 270 erat
729 261 737 274 ,
753 238 834 280 isque
850 238 1049 281 cartilagineus
1071 252 1079 276 ·‚
1101 253 1183 286 caput
1197 244 1297 276 itidem
1314 246 1411 276 Anim·

61 282 275 325 cartilagineum
291 305 299 318 ,
319 286 360 313 uti
384 286 415 314 &
438 283 514 326 spina
533 281 656 322 squamis
676 282 814 326 praeduris
835 284 944 313 munita
966 283 1102 320 dorsum,
1126 296 1240 329 quoque
1267 292 1298 318 ὃς

63 324 148 356 latera
163 336 170 359 3
190 325 272 369 pellis
285 325 385 356 itidem
399 324 468 355 dura
479 348 487 360 ,
503 337 535 355 os
552 324 609 357 fine
629 325 763 356 dentibus
777 327 851 356 intus
862 326 983 368 politum
1006 339 1014 361 ·,
1037 339 1087 357 cor
1105 331 1252 370 angustum
1268 335 1299 362 ἃς

63 367 153 399 molle
166 391 175 403 ,
197 369 383 412 pericardium
399 367 632 399 membranosum
645 393 654 404 ,
675 379 740 399 cum
761 371 790 397 in
811 372 918 408 majore
939 381 1016 412 patre
1031 370 1148 413 piscium
1171 370 1202 402 stt
1219 378 1301 405 carti-

63 409 219 454 lagineum.
252 411 435 442 Ventriculus
454 411 554 442 itidem
571 411 733 453 angustior,
759 422 823 454 pars
845 414 904 452 ejus
926 411 1026 443 infima
1051 413 1210 445 musculosa
1233 428 1303 447 con-

63 453 186 494 chyliis,
199 458 332 486 erinaceis
347 457 463 485 marinis
476 480 484 493 ,
498 457 638 497 gammari
658 453 769 485 referta.
792 455 888 495 Hujus
903 454 1004 486 dextro
1018 455 1098 487 lateri
1113 457 1302 490 adliaetescere

64 496 157 528 visum
176 497 215 528 cst
233 509 335 541 corpus
352 497 498 540 quoddam
512 495 712 539 glandulosum
727 520 738 533 ‚
762 496 841 538 quod
859 496 983 529 litteram
999 502 1025 530 V
1039 522 1048 536 ,
1074 501 1252 544 exprimebat
1263 525 1272 538 ‚
1289 515 1302 544 5

65 539 163 583 digitis
185 539 303 584 longum
327 544 357 572 &
401 551 501 571 uatuor
519 542 606 571 latum
626 543 654 570 in
678 552 755 585 parte
778 540 914 582 superiori
935 553 943 576 ·,
965 554 1023 573 uno
1046 543 1137 587 digito
1160 544 1278 576 crassum
1294 572 1302 582 ,

67 586 143 626 rugis
158 581 310 626 asperum,
328 587 358 615 &
391 583 508 615 ubtubri
532 582 639 614 coloris
662 595 672 614 τ
694 587 768 614 circa
791 582 846 612 hoc
868 594 970 627 corpus
983 587 1111 617 intestina
1129 599 1220 618 unum
1242 588 1306 619 effi-

67 626 180 656 ciebant
196 629 346 658 circuitum
371 649 381 663 ‚
409 638 471 658 tum
496 629 525 657 in
546 626 708 657 abdominis
724 636 834 670 partem
856 625 987 658 infimam
1008 628 1216 662 descendebant
1236 657 1246 670 ,
1274 636 1306 663 δε

67 671 98 700 in
110 669 209 700 orbem
233 672 293 700 adsta
307 673 337 701 in
355 681 441 701 anum
460 668 632 701 defluebant.

110 711 169 743 Sub
191 712 295 756 pyloro
317 711 446 744 foramen
467 724 525 744 erat
543 724 603 744 uno
623 713 713 755 digito
736 711 824 744 latum
844 735 854 749 ,
884 711 934 756 per
954 714 1032 756 quod
1049 715 1085 745 ad
1105 726 1207 759 corpus
1225 717 1306 755 glan·

68 754 201 788 dulosum
212 756 323 799 patebat
339 756 454 792 aditus3
472 755 551 798 quod
570 760 666 798 utique
685 767 744 787 nou
767 756 823 787 lien
835 779 845 792 ‚
868 766 898 787 ut
917 758 1011 788 visum
1030 759 1067 788 est
1087 757 1208 789 Belonio
1225 751 1239 795 ζ
1260 760 1308 791 sed

69 798 148 840 chyli
172 799 246 829 forte
273 800 310 830 est
335 800 552 844 receptaculum.
609 801 678 830 Hoc
703 802 780 831 enim
811 799 928 843 plenum
955 800 1042 841 chylo
1071 812 1213 843 repertum
1238 799 1304 840 est'st

69 844 131 883 ejus
147 845 252 873 cavitas
269 845 353 874 variis
376 854 434 874 erat
447 843 566 887 capsulis
587 842 754 886 exasperata.
790 845 859 873 Hoc
873 854 975 887 corpus
991 856 1040 887 per
1053 844 1214 887 complures
1226 846 1309 876 vaso-

71 895 136 916 rum
151 897 244 916 ramos
258 897 324 918 cum
340 886 500 917 ventriculo
516 885 745 917 communicabat
759 909 767 922 ‚
782 889 863 930 eique
876 898 934 917 erat
948 890 1125 929 contiguum.

116 928 198 959 Idem
221 928 305 972 plau&
328 929 393 960 usus
409 930 492 971 hujus
510 932 639 973 corporis
659 929 773 960 videtur
794 930 847 960 effe
865 932 913 982 qui
935 930 1096 961 mesenterii
1114 931 1257 973 cujusdam
1279 934 1308 962 in

76 971 158 1002 Orbe
184 973 258 1016 pisce
276 971 350 1004 infra
369 972 504 1016 pylorum
523 970 606 1018 pofiti
629 998 638 1008 ,
663 976 693 1003 &
713 971 847 1003 duodeno
867 972 1080 1004 adhaeresccmis
1094 996 1103 1008 ‚
1126 975 1203 1016 quod
1224 975 1312 1016 chylo

74 1014 175 1046 itidem
191 1015 334 1058 oppletur.
362 1018 450 1059 Supra
463 1015 598 1060 pylorum
616 1018 645 1045 in
664 1015 809 1045 stomacho
827 1014 956 1046 foramen
970 1017 1039 1046 inest
1052 1016 1131 1060 quod
1145 1020 1172 1048 in
1188 1018 1310 1061 ampl-im

74 1061 225 1089 cavitatem
243 1059 323 1090 ducit
339 1058 501 1102 sesquipede
519 1059 636 1101 longam
653 1080 661 1094 ‚
687 1061 716 1088 δε
738 1061 766 1087 in
781 1058 876 1089 medio
894 1058 939 1088 sex
957 1058 1054 1101 digitis
1068 1060 1151 1091 latam
1168 1073 1176 1095 3
1195 1072 1312 1103 quaeque

75 1099 211 1143 paulatim
232 1100 326 1132 versus
348 1112 473 1132 extrema
494 1100 527 1132 fit
551 1103 663 1132 arctior.
701 1104 796 1131 Vacua
816 1112 873 1131 erat
894 1100 943 1131 illa
969 1104 1070 1133 cavitas
1086 1128 1096 1138 ,
1122 1106 1152 1133 δε
1173 1103 1208 1133 ab
1232 1107 1313 1133 onzui

76 1154 211 1174 extraneo
232 1155 350 1188 corpore
373 1155 442 1188 pura
456 1167 465 1179 ‚
487 1156 538 1176 nec
562 1148 716 1188 quicquam
734 1142 812 1174 aliud
833 1143 890 1174 visa
910 1144 948 1174 est
963 1155 1049 1187 quam
1071 1147 1145 1176 aeris
1166 1146 1315 1188 quoddam

76 1186 283 1230 receptaculum
296 1210 305 1223 ,
323 1198 353 1218 ut
371 1191 400 1218 in
423 1185 520 1218 multis
541 1187 664 1231 piscibus
686 1189 832 1229 repetitur.

120 1232 206 1261 Lecta
228 1231 279 1260 hac
302 1230 426 1273 Epistola
446 1230 475 1261 id
498 1229 663 1262 conclusum
684 1230 737 1259 fuit
757 1239 788 1260 ut
809 1231 850 1260 D.
871 1229 990 1271 Galloys
1008 1230 1140 1262 Domino
1161 1230 1244 1263 Hu'e't
1258 1231 1314 1262 res-

78 1272 200 1304 criberet
213 1296 222 1309 ‚
237 1277 318 1317 eique
332 1277 362 1304 &
380 1272 556 1305 cadomenfi
576 1272 739 1304 Academiae
753 1296 761 1308 ‚
782 1271 940 1304 Parifienfis
957 1276 1076 1304 nomine
1092 1277 1194 1318 gratias
1210 1286 1317 1317 ageret,

79 1315 161 1347 simul
182 1319 212 1347 ὅ(
230 1327 342 1359 rogaret
363 1328 393 1348 ut
412 1317 533 1359 piscium
554 1319 705 1348 anatomiae
727 1315 803 1346 suam
827 1327 942 1347 navaret
961 1328 1079 1359 operam
1098 1342 1107 1354 ‚
1133 1317 1211 1362 quod
1239 1330 1316 1348 mare

81 1358 238 1390 finitimum
261 1359 371 1391 diversa
396 1361 516 1402 piscium
544 1371 646 1402 genera
675 1362 707 1390 iis
730 1359 886 1402 suppeditet
911 1373 918 1391 :
941 1370 1006 1391 curn
1034 1364 1140 1393 interea
1161 1360 1316 1392 Acedemia

83 1405 159 1445 regia
175 1406 257 1433 variis
271 1406 460 1434 animantium
474 1403 622 1444 genetibus
640 1401 807 1434 diffecandis
831 1401 1022 1433 incumberet.

126 1448 187 1476 1v.
223 1447 348 1476 Castoris
375 1445 461 1489 paulo
488 1456 551 1476 ante
581 1445 692 1477 diss'etsti
715 1443 866 1489 descriptio
889 1445 962 1476 leeta
987 1445 1042 1476 suit
1065 1457 1127 1488 quae
1147 1445 1229 1478 brevi
1257 1449 1319 1490 post

85 1497 216 1531 tempore
238 1492 313 1531 typis
331 1489 462 1520 mandata
482 1488 588 1531 publici
610 1492 678 1531 juris
700 1488 781 1520 facta.

125 1535 164 1562 V.
201 1533 318 1563 Oitavo
341 1533 402 1574 post
421 1532 466 1563 die
490 1533 531 1562 D.
554 1532 678 1563 Frenicle
701 1543 762 1574 quae
786 1531 801 1561 ἐι
829 1531 858 1563 se
879 1533 953 1563 circa
970 1531 1101 1573 quaedam
1124 1530 1229 1563 infesta
1258 1533 1319 1564 fuc-

85 1585 151 1606 tunt
172 1574 341 1611 observata,
366 1574 503 1619 exposuit.
531 1576 589 1605 Res
609 1574 664 1618 ipsa
679 1577 842 1616 cognitione
857 1574 944 1618 digna
962 1574 1020 1605 visa
1033 1575 1073 1605 est
1091 1587 1097 1604 :
1120 1586 1185 1605 nam
1208 1587 1252 1607 ars
1275 1577 1322 1607 di.

86 1620 153 1648 vina
175 1629 234 1649 non
254 1623 345 1650 minus
369 1621 397 1648 in
420 1617 613 1649 minutiffimis
630 1616 806 1649 animalculis
823 1618 951 1649 elucescit
970 1629 1060 1662 quam
1081 1621 1110 1648 in
1128 1622 1240 1662 magnis
1260 1622 1319 1650 aui-

87 1661 230 1692 mantibus
247 1673 255 1696 ·‚
271 1660 444 1692 incredibilis
466 1664 495 1692 in
516 1663 550 1692 iis
569 1663 604 1692 est
622 1664 745 1705 partium
767 1664 886 1692 varietas
903 1664 934 1692 &
952 1660 1147 1703 pulchritudo,

137 1706 200 1736 VI.
238 1706 367 1735 Primum
392 1706 510 1735 Erucam
537 1704 586 1736 ille
613 1702 800 1735 consideravit
834 1708 917 1735 variis
941 1704 1101 1735 distinctam
1125 1704 1210 1737 radiis
1235 1704 1250 1735 ὲ
1280 1717 1326 1736 01⁴

90 1749 148 1789 pite
167 1747 203 1778 ad
220 1759 376 1779 extremam
394 1746 479 1791 usque
497 1751 627 1791 corporis
651 1759 758 1791 partem
782 1750 919 1790 potreffis
933 1773 941 1783 ‚
961 1749 1105 1791 utrimque
1126 1748 1227 1791 aequali
1243 1749 1327 1780 ordi-

91 1800 128 1819 ne
149 1789 297 1833 dispositis.
330 1793 363 1821 In
387 1791 484 1821 medio
502 1803 572 1823 unus
595 1792 632 1821 est
653 1790 789 1821 candidus
806 1813 816 1826 ,
840 1790 888 1822 alii
910 1791 976 1821 hinc
996 1790 1063 1821 inde
1077 1801 1180 1832 magna.
1196 1791 1327 1822 colorum

92 1836 227 1864 varietate
247 1837 276 1864 &
299 1833 448 1876 splendore
471 1838 586 1865 micant.
625 1836 692 1864 Hoc
716 1845 804 1876 genus
820 1845 966 1864 erucarum
988 1837 1018 1864 in
1041 1837 1138 1877 prunis
1154 1832 1330 1876 frequentius

93 1880 229 1907 occurrit.
264 1877 411 1908 Sexdecim
435 1877 553 1921 pedibus
573 1900 582 1913 ,
608 1880 675 1908 osto
695 1889 730 1908 ex
756 1888 875 1919 utroque
899 1877 985 1907 latete
1001 1899 1010 1913 ‚
1031 1887 1063 1908 ut
1085 1888 1148 1919 pars
1186 1887 1331 1908 erucarum

95 1922 221 1950 maxima
240 1918 381 1956 donatur,
403 1920 448 1950 sex
471 1924 556 1964 capiti
579 1924 727 1964 propiores
747 1931 754 1955 ς
777 1921 834 1950 duo
853 1924 881 1951 in
905 1930 1055 1956 exrremo,
1076 1923 1144 1950 octo
1156 1919 1332 1956 intermedii,

95 1965 171 1994 inter
199 1974 271 2006 quos
304 1962 466 2006 complures
489 1963 549 1994 sunt
576 1976 650 2007 tuga:
674 1987 682 2000 ,
717 1975 837 2007 quarum
859 1976 992 1995 numerus
1013 1966 1042 1994 in
1066 1962 1204 2007 plerisque
1228 1961 1334 2004 pedum

98 2017 219 2037 numero
237 2004 385 2048 respondet
403 2029 411 2041 ,
426 2006 573 2037 nonnulla?
593 2018 687 2037 tamen
712 2010 739 2037 in
756 2019 841 2037 unam
854 2011 1000 2049 utrimque
1020 2017 1117 2048 rugam
1135 2005 1224 2048 prope
1241 2006 1334 2047 poste·

97 2051 188 2082 tiores
208 2049 290 2092 pedes
303 2048 458 2092 crispantur
472 2072 481 2084 ‚
498 2061 592 2092 exque
605 2049 721 2081 ‹lorsum
737 2050 819 2081 altius
833 2053 905 2082 inter
920 2050 1109 2081 incedendum
1121 2047 1267 2078 attollunt.

145 2093 218 2131 Haec
239 2092 285 2123 dic
304 2091 406 2123 ultimo
431 2093 512 2135 Junii
540 2097 572 2125 in
591 2093 783 2136 chrysalidem
813 2096 890 2125 tenui
915 2093 988 2136 pelle
1015 2091 1171 2123 obdustam
1188 2114 1196 2125 ,
1219 2103 1278 2122 tum
1305 2093 1335 2121 in

1117 2136 1184 2176 lij
