1638 2345
336 135 395 164 164
642 127 809 159 REC1AE
853 123 1245 156 SCIENTIARUM

218 166 305 196 Asa.
331 169 433 200 charta:
455 168 523 201 folia
551 167 602 200 filo
631 170 756 212 suspensa
776 191 784 203 ,
818 166 889 199 ultra
911 170 1013 210 quietis
1032 169 1169 210 punCtum
1190 178 1266 198 arcus
1288 166 1444 199 describere
1464 170 1493 199 in
1512 174 1558 200 ra:

220 217 310 247 14-7,
331 222 410 243 tione
428 212 618 256 iiibduplicata
643 215 754 244 numeri
774 210 910 245 filorum,
930 210 1089 241 dummodo
1103 214 1124 241 is
1144 215 1236 252 major
1256 221 1315 240 non
1333 210 1366 242 fit
1378 222 1495 243 numero
1513 218 1556 245 16.

217 255 244 281 &c
266 256 312 287 73.
332 254 407 286 Illud
427 259 512 287 etiam
531 259 702 300 experientia
719 257 859 299 comperit
878 264 967 284 uuum
984 254 1088 284 charis
1111 253 1212 284 folium
1228 265 1260 283 ex
1283 253 1433 285 altitudine
1456 266 1492 285 ιο
1509 265 1557 285 aut

333 308 365 328 ιι
389 299 493 341 pedum
514 299 674 341 suspensum
697 298 769 329 ultra
789 298 926 341 pumstum
948 300 1049 339 quit-tis
1064 308 1153 327 unum
1172 308 1218 326 aut
1235 299 1347 327 circiter
1369 298 1471 339 pedem
1488 309 1557 341 pro-

328 345 461 376 moveri,
481 353 546 372 cum
563 353 595 372 ex
616 343 764 373 altitudine
785 351 865 371 atcus
886 343 923 369 80
944 351 989 370 aut
1013 344 1042 381 85
1066 340 1206 381 graduum
1231 338 1336 370 decidit
1363 353 1370 371 :
1394 351 1455 371 turn
1477 351 1557 383 quae-

327 383 390 415 {ivit
411 395 480 427 quot.
504 383 572 415 salia
596 383 648 416 sint
667 384 797 415 addenda
816 394 847 413 ut
867 383 939 414 duos
959 394 1005 413 aut
1026 394 1081 414 tres
1104 383 1188 426 pedes
1205 381 1278 413 ultra
1298 385 1399 425 quietis
1417 395 1557 426 pun-*stum

325 428 554 469 progrediantur.

376 472 437 501 lx.
475 471 618 510 Qaetlam
648 481 711 501 ante
737 469 870 512 prmmifit
896 468 1030 499 lemmata
1056 471 1172 509 majoris
1199 468 1273 500 forte
1298 471 1437 500 momenti
1470 479 1557 510 quam

325 513 474 554 problema
501 513 676 558 ptopistium
702 524 726 543 t.
753 514 886 554 Corpora
909 524 970 555 qua:
993 515 1022 542 in
1047 511 1137 542 libero
1154 515 1218 541 aere
1237 512 1371 543 decidunt
1393 535 1401 547 ‚
1425 523 1474 555 per
1491 523 1557 549 0n1-‚

326 566 374 585 nes
398 557 535 587 tarditatis
556 558 658 599 gradus
679 568 736 586 non
755 555 872 586 transire
888 577 897 590 ‚
924 555 970 586 sed
992 555 1207 586 determinatam
1232 555 1334 585 habere
1360 555 1405 585 vel
1434 558 1462 585 in
1477 558 1557 597 ptin-

325 601 401 640 cipio
424 601 463 630 sui
487 601 583 630 motfis
610 599 799 630 vlocitattm.
838 599 869 628 Id
895 610 963 629 vero
985 598 1085 642 probat
1107 609 1141 627 ex
1161 597 1225 628 casu
1247 597 1370 628 duorum
1396 596 1557 641 ponderum

324 641 507 684 ina-qualium
530 654 592 687 qua:
615 645 747 673 extremis
767 641 846 672 librae
869 640 903 672 fic
925 640 1143 684 appenduntur,
1165 652 1196 670 ut
1215 652 1304 671 unum
1328 640 1468 683 longius-'s
1486 650 1557 671 cen-

325 694 369 714 tro
397 685 474 716 librat
503 697 549 717 aut
569 687 672 717 statera:
694 696 780 727 quam
804 685 923 716 alterum
940 684 1031 714 distet.
1063 685 1141 714 Tum
1160 686 1238 714 enim
1261 683 1345 714 ambo
1365 683 1446 715 simul
1470 682 1556 713 cade-

324 738 353 756 re
367 730 504 771 incipient
522 751 530 764 ‚
555 729 602 759 sed
622 740 679 759 non
695 728 794 758 eadem
817 728 969 758 velocitate
992 738 1000 761 ;
1022 738 1052 757 ac
1078 726 1170 769 plures
1189 738 1272 758 crunt
1293 726 1429 758 tarditatis
1451 725 1554 769 gradus

324 772 352 799 in
375 772 500 814 pondere
520 783 617 803 centro
635 774 764 816 propiori
787 793 797 808 ,
824 782 897 814 quos
914 781 973 801 non
997 769 1124 802 decurret
1144 769 1216 800 illud
1237 769 1313 812 quod
1336 769 1352 799 ὲ
1374 781 1473 801 centro
1490 768 1556 799 lon-

322 816 384 854 gius
408 816 445 845 :st
465 814 600 846 dissituvn-

367 868 393 887 2.
429 859 542 901 Corpus
565 858 625 889 leve
643 869 672 889 ut
699 858 817 900 spongia
837 867 883 887 aut
908 856 988 887 suber
1007 881 1015 895 ,
1041 854 1120 897 quod
1139 857 1167 885 in
1192 854 1324 886 descensu
1345 867 1455 887 morum
1474 857 1553 889 suum

322 899 455 931 accelerat
481 923 490 935 ,
519 901 569 932 ubi
593 900 750 945 acquisierit
774 904 802 931 in
825 899 986 930 decidendo
1010 898 1188 930 velocitatem
1217 898 1353 942 aequalem
1378 898 1553 943 impttffioni

321 946 400 974 venti
421 943 525 975 ssttsum
551 944 670 979 flantis,
696 954 757 985 qua:
785 954 888 985 corpus
920 943 1052 973 sustinere
1082 941 1173 973 valeat
1189 964 1197 977 ,
1231 942 1300 972 dum
1321 942 1485 974 descensum
1507 947 1554 974 in-

321 987 389 1028 cipit
409 1008 416 1019 ,
441 998 501 1017 tum
528 998 631 1030 eorpus
655 987 726 1017 illud
746 997 857 1017 motum
881 985 960 1016 suum
979 996 1036 1015 non
1058 984 1180 1027 amplius
1195 984 1386 1021 accelerabit,
1414 984 1460 1018 scd
1486 997 1554 1020 cum

321 1028 453 1069 acquisita
469 1029 618 1061 velocitate
633 1029 711 1072 quod
726 1030 866 1072 reliquum
885 1029 923 1059 est
939 1028 978 1059 sui
993 1028 1138 1058 descensus
1151 1053 1159 1067 ,
1184 1039 1336 1070 percurret.

369 1074 437 1102 Hoc
464 1077 561 1117 utique
584 1084 617 1103 ex
642 1075 730 1116 priori
758 1071 859 1116 probat
886 1074 1034 1102 Lemmate
1059 1084 1066 1101 ι
1100 1081 1203 1115 corpus
1224 1074 1300 1101 enim
1325 1082 1430 1103 certam
1455 1073 1484 1101 in
1511 1071 1552 1104 sui

319 1112 467 1146 descensus
489 1119 575 1147 initio
596 1116 681 1147 habet
706 1120 736 1149 δε
760 1116 977 1147 determinatam
1006 1113 1187 1145 velocitatem
1212 1126 1220 1149 ·,
1245 1117 1292 1144 a'e‘r
1310 1126 1378 1145 vero
1396 1125 1552 1156 quantum-

320 1160 362 1187 vis
380 1161 483 1190 centies
506 1159 578 1190 forte
602 1159 694 1190 levior
709 1182 717 1194 ‚
737 1171 768 1189 ca
788 1158 937 1189 velocitate
953 1156 1058 1189 sursum
1080 1160 1189 1187 moveri
1213 1158 1301 1199 potest
1316 1168 1347 1188 ut
1361 1168 1463 1200 corpus
1478 1157 1553 1189 susti·

318 1210 408 1236 neat,
430 1200 448 1232 si
470 1202 648 1233 tantumdem
673 1201 815 1232 celeritate
837 1205 930 1232 vincat
949 1212 1071 1243 corpus,
1091 1211 1228 1241 quantum
1253 1203 1376 1231 vincitur
1399 1203 1458 1241 ejus
1477 1212 1552 1244 pon-

318 1242 397 1277 dere.
420 1247 518 1285 Qare
535 1245 584 1276 ubi
604 1249 651 1276 aer
673 1245 709 1275 sic
724 1248 863 1288 impinget
881 1247 908 1274 in
931 1254 1033 1286 corpus
1055 1243 1235 1286 imprcssione
1259 1254 1305 1273 aut
1326 1243 1469 1274 eeleritate
1483 1255 1552 1275 cen-

317 1288 370 1316 ties
392 1292 520 1329 majore,
537 1299 621 1332 quam
643 1287 676 1319 sit
695 1292 787 1330 prima
808 1291 835 1317 in
858 1285 990 1317 descensu
1005 1289 1133 1329 corporis
1154 1285 1288 1316 velocitas
1305 1308 1313 1321 ,
1337 1297 1479 1330 quamque
1494 1286 1552 1319 effe

318 1328 539 1362 determinatam
565 1331 706 1361 ostensum
728 1330 806 1365 fuir,
832 1334 974 1371 utrimque
1000 1328 1047 1359 fiet
1074 1328 1266 1371 aequiltbrium
1289 1340 1322 1358 ex
1339 1328 1550 1373 percussionum

317 1370 437 1413 legibus.
464 1374 520 1404 Sed
543 1377 633 1417 prima
655 1377 683 1404 in
703 1373 832 1404 cadendo
852 1372 987 1403 velocitas
1005 1384 1038 1402 ea
1060 1372 1117 1415 ipsa
1137 1373 1174 1402 est
1196 1383 1281 1414 quam
1299 1371 1440 1414 acquisita:
1458 1378 1552 1405 conti-

316 1425 417 1446 nenter
438 1417 535 1458 adjicit
559 1439 568 1452 ‚
603 1429 668 1447 cum
692 1416 855 1448 descensum
876 1414 1010 1446 accelerat
1033 1429 1039 1446 z
1065 1426 1129 1446 curn
1154 1417 1239 1457 igitur
1260 1426 1361 1458 corpus
1385 1426 1447 1446 eam
1474 1419 1550 1448 inter

315 1457 475 1490 cadendum
499 1459 657 1504 acquisierit
684 1459 864 1491 velocitatem
880 1481 888 1494 ,
910 1469 972 1501 quae
1000 1456 1032 1489 fit
1057 1457 1171 1499 aequalis
1191 1460 1268 1488 venti
1291 1456 1397 1489 sursum
1438 1458 1549 1491 ellentis

317 1503 347 1530 ἃ
371 1502 527 1533 sustinentis
549 1504 707 1539 celeritati,
733 1503 832 1532 eadem
855 1505 884 1532 vi
905 1501 990 1545 pellet
1011 1504 1076 1531 ae‘ra
1091 1523 1100 1536 ‚
1123 1512 1177 1544 qua
1197 1512 1298 1531 ventus
1322 1512 1386 1532 ante
1404 1471 1475 1533 iiiud
1491 1505 1549 1533 im-

315 1543 440 1584 pellebat
473 1559 479 1577 1
514 1550 542 1577 &
565 1546 683 1577 eandem
707 1545 888 1577 resistentiam
916 1543 1045 1575 offendet
1069 1566 1079 1579 ,
1107 1555 1192 1587 quam
1216 1543 1338 1574 diximus
1355 1544 1547 1586 xquilibrium

316 1585 427 1617 efficere
448 1600 513 1624 cuin
533 1602 562 1619 ca
584 1601 646 1633 quae
669 1590 903 1620 accelerationem
920 1598 1059 1630 procreat.
1092 1589 1166 1630 Ergo
1184 1586 1256 1617 nihil
1270 1586 1392 1630 amplius
1409 1588 1548 1632 aequifitae

279 1653 281 1655 .
315 1629 453 1660 celeritati
471 1632 554 1662 addet
571 1646 578 1663 2
601 1644 631 1662 ac
646 1644 747 1674 corpus
767 1632 901 1674 deinceps
922 1642 987 1662 cum
1007 1642 1037 1660 ea
1053 1642 1136 1673 quam
1160 1629 1293 1672 paulatim
1308 1629 1453 1672 acquisivit
1470 1631 1547 1662 velo-

313 1675 396 1703 citate
422 1685 508 1717 eaque
527 1675 658 1718 :equabili
682 1675 823 1720 reliquum
839 1673 988 1705 descensos
1010 1673 1050 1705 sui
1071 1676 1122 1705 iter
1137 1673 1315 1704 continuabit
1331 1686 1337 1704 ι
1354 1684 1418 1705 cum
1430 1676 1460 1704 in
1479 1678 1546 1707 a‘e'ra

313 1715 411 1747 eadem
436 1720 464 1747 vi
489 1720 636 1761 impingat.

356 1771 379 1797 3.
419 1762 492 1801 Qae
522 1766 676 1803 lequuntur
713 1760 848 1791 lemmata.
881 1773 915 1791 ex
949 1763 982 1791 iis
1012 1771 1074 1802 quae
1113 1763 1141 1791 in
1179 1762 1298 1791 “aetatu
1328 1759 1364 1790 de
1395 1758 1545 1792 collisione

312 1812 466 1845 corporum
485 1803 520 1834 ab
541 1816 575 1834 eo
595 1805 656 1836 sunt
678 1804 816 1847 explicata
839 1804 1025 1836 demonstrat.
1060 1805 1155 1847 Aquas
1178 1815 1206 1834 v.
1221 1815 1264 1846 gr.
1279 1802 1404 1834 salientes
1419 1815 1450 1834 ea
1467 1803 1545 1835 susti-

312 1855 378 1875 nere
400 1845 526 1889 pondera
538 1857 600 1888 qux
616 1849 675 1878 lunt
694 1850 768 1877 inter
790 1848 814 1878 sc
836 1850 864 1877 in
883 1850 992 1877 rarione
1011 1846 1154 1888 duplicata
1168 1845 1363 1877 velocitatum.

354 1891 394 1919 X.
430 1892 532 1919 Varios
555 1889 659 1920 deinde
683 1889 791 1920 libellas
823 1889 997 1920 conficiendi
1024 1889 1127 1920 modos
1150 1889 1300 1932 proposuit
1325 1892 1361 1920 D.
1390 1888 1542 1925 Caffinus,

312 1941 377 1962 cum
395 1943 472 1974 aqua:
488 1955 495 1966 ‚
514 1944 573 1963 tum
597 1933 764 1974 hydr-argyri
786 1931 934 1963 bem-ficio.
973 1934 1014 1962 Ac
1035 1936 1071 1964 D.
1098 1932 1199 1963 Picard
1221 1936 1254 1962 iis
1273 1932 1449 1976 temporibus
1469 1931 1542 1975 jussu

313 1975 401 2017 Regis
423 1974 651 2006 Chtiiiianissixni
677 1977 855 2018 circumit-<sta
875 1975 1006 2006 Versaliis
1028 1975 1090 2006 loca
1109 1978 1202 2019 exegit
1222 1975 1255 2005 ad
1274 1975 1385 2007 libram.

357 2018 446 2058 Qod
469 2022 546 2050 enim
568 2030 642 2050 anno
660 2026 737 2059 1674
753 2019 926 2061 prolatitium
945 2018 1034 2050 fuerat
1048 2018 1082 2048 dc
1101 2022 1178 2060 aquis
1197 2018 1336 2050 Versalias
1354 2018 1539 2054 deducendis,

313 2060 366 2091 ho:
387 2060 477 2104 ipsum
497 2074 572 2092 anno
592 2066 667 2100 1678
685 2065 785 2092 itettini
810 2062 861 2093 fuir
885 2066 1029 2103 agitatum.
1065 2063 1137 2092 Non
1159 2062 1257 2104 procul
1278 2062 1312 2092 ab
1332 2062 1400 2092 urbe
1422 2062 1539 2092 pithue-

314 2115 356 2134 rto
380 2106 466 2147 voigi)
487 2106 609 2136 Pluvicrs
639 2128 649 2140 ,
679 2105 717 2135 est
739 2108 815 2135 iix-«ss
840 2108 888 2147 qui
928 2105 1030 2147 junius
1051 2128 1061 2140 ‚
1084 2104 1169 2148 vulgo
1197 2107 1240 2135 La
1263 2106 1368 2135 Riviere
1402 2106 1433 2134 de
1457 2102 1539 2148 Jnine
