1638 2345
177 190 269 220 Arm.

178 235 274 273 ¹696·,

293 146 352 184 384
588 136 774 170 REGIAE
816 132 1195 165 SClENTIARUM

291 198 326 219 tae
346 184 463 227 alicujus
483 183 542 214 vim
565 181 614 212 sali
639 181 831 211 Ammoniaco
849 199 858 213 ,
881 176 927 207 vel
957 177 1024 207 huic
1047 174 1172 206 finitimo
1195 176 1290 218 potius
1313 170 1516 208 tribuendam,

293 228 380 274 quam
401 227 510 272 spiritui
525 224 639 257 volatili
661 225 693 254 &
711 233 783 266 puro
810 234 817 252 z
841 231 907 251 cum
924 220 1019 262 stirpes
1035 229 1096 260 quae
1117 217 1202 248 salem
1221 214 1368 247 volatilem
1392 219 1424 247 δε
1444 226 1516 246 con-

294 283 402 305 cretum
421 270 546 315 praebent
558 292 568 306 ‚
591 267 721 297 chartam
733 262 880 295 caeruleam
895 286 904 299 ‚
927 262 972 293 seu
996 261 1162 304 heliotropii
1185 259 1266 291 succo
1289 258 1408 290 tinctam
1429 258 1518 289 rubeo

292 315 389 347 colore
407 312 555 348 inficiant,
577 307 822 353 quemadmodum
836 306 873 337 sal
894 305 951 350 ipse
972 307 1188 336 Ammoniacus.

337 371 366 390 2.
403 359 491 388 Hunc
506 353 592 385 salem
612 356 642 384 in
655 363 692 395 gy
716 351 766 383 seis
783 348 953 385 ruderibus,
979 352 1010 380 &
1031 351 1060 379 in
1082 359 1155 379 terra
1174 346 1189 377 ὲ
1217 346 1327 376 fornice
1347 342 1425 374 cellae
1441 345 1518 375 vina-

290 404 338 433 riae
354 401 428 432 erasa
446 397 507 441 post
523 408 601 441 aquae
622 398 685 427 insu
698 406 794 426 ionem
808 392 924 424 diversis
941 391 1047 423 ruderis
1075 391 1100 422 la
1121 389 1217 421 idibus
1239 390 1386 432 repetitam
1409 386 1520 417 extrahi

289 444 386 476 docet.
411 444 485 474 Haec
502 443 581 472 enim
595 451 670 482 aqua
684 450 738 470 una
754 449 821 468 curn
839 436 905 467 oleo
925 437 1044 470 tartari,
1068 403 1207 465 vefcalcis
1227 431 1365 462 solutione
1389 429 1520 473 permista

289 487 411 519 odorem
435 484 620 528 sulphureum
636 485 752 513 emittit.
775 483 857 523 Qin
885 483 916 510 &
936 478 1022 509 calcis
1045 477 1217 508 solutionem
1235 474 1328 505 albam
1340 472 1449 507 efficit,
1471 471 1521 502 ubi

291 530 436 561 sublimati
454 526 592 558 corrosivi
618 525 722 557 solutio
748 523 844 554 addita
871 522 909 552 est
926 543 935 556 ,
955 523 996 552 uti
1024 519 1086 552 fieri
1107 519 1177 551 solet
1195 519 1210 548 a
1235 517 1288 548 sale
1305 518 1519 547 Ammoniaco:

292 572 356 603 Sale
376 581 471 604 tamen
496 569 579 601 alcali
601 569 683 600 acido
705 591 714 604 ‚
744 570 775 598 &
803 565 910 596 nitroso
939 567 1122 607 impraegnata
1148 563 1185 592 cst
1206 563 1264 591 haec
1287 557 1404 602 infusio.
1431 559 1522 588 Terra

291 618 364 658 agri,
378 626 425 646 aut
438 615 514 644 horti
527 623 627 655 aquam
645 609 826 643 fimilimodo
839 608 956 639 affusam
970 607 1070 638 iisdem
1094 606 1194 637 salibus
1217 608 1430 646 impraegnatam
1450 612 1523 643 prz-

291 657 358 689 bere
372 683 380 694 ,
400 669 434 689 ex
447 655 551 700 quibus
567 655 597 686 id
610 654 723 698 colligit
737 651 894 684 naturalem
911 650 1064 694 quemdam
1089 660 1168 680 [ει-[π
1184 645 1268 679 incise
1289 646 1372 676 salem
1387 666 1396 679 ‚
1418 647 1467 687 qui
1487 643 1523 674 de

291 699 402 732 nitroso
429 727 438 740 ‚
472 703 502 732 &
523 700 636 730 marino
664 720 675 734 ,
699 701 731 729 δε
761 697 956 726 Ammoniaco
981 696 1152 737 participat,
1177 693 1224 722 vix
1247 688 1305 720 ulla
1337 686 1410 718 acidi
1441 697 1523 729 prae-

292 743 340 776 bet
365 743 480 775 indicia.

337 798 360 825 3.
397 789 432 817 In
462 786 506 817 his
539 796 619 817 terrae
652 781 840 815 infusionibus
860 779 922 824 plus
947 777 1031 810 incffe
1049 777 1110 809 salis
1136 778 1319 808 Ammoniaci
1345 772 1523 807 arbitratur,

291 829 379 871 quam
390 832 482 872 prima
501 828 518 859 s
532 830 590 859 ecie
605 826 734 859 videatur
746 847 756 861 ,
771 824 858 866 idque
875 822 987 864 colligit
999 833 1032 851 ex
1045 821 1135 851 odore
1160 819 1211 850 illo
1221 818 1337 850 urinoso
1350 820 1399 860 qui
1415 817 1440 846 se
1455 826 1525 858 pro-

292 873 362 909 dit,
386 876 415 903 ὅ(
431 883 464 903 ex
478 841 575 902 colbre
594 869 721 901 candido
742 879 828 909 quem
851 865 985 896 solutioni
1006 864 1091 894 calcis
1111 867 1140 894 δε
1163 862 1306 893 sublimati
1326 862 1462 903 impertit.
1490 860 1525 888 In

294 914 371 946 foliis
395 915 512 946 uberior
539 914 608 956 saepe
628 915 666 944 est
688 910 724 941 sal
752 909 800 940 ille
825 910 1030 940 Ammoniacus
1055 918 1064 941 ·‚
1087 906 1192 937 radices
1222 909 1252 936 &
1277 904 1386 934 frustus
1412 901 1525 932 acidum

293 958 370 989 ultro
387 958 423 988 ad
440 958 466 988 se
484 956 598 987 trahunt
612 977 621 990 ,
642 955 739 985 oleum
752 955 783 983 in
798 950 953 983 seminibus
974 952 1088 982 uberius
1109 972 1118 985 ‚
1143 948 1276 992 phlegma
1295 959 1344 990 per
1367 943 1527 977 universam

294 1000 421 1045 plantam
447 998 631 1030 diffunditur.

333 1046 399 1074 lx.
436 1045 480 1074 Ac
497 1042 533 1073 de
550 1040 613 1072 salis
630 1042 815 1072 Ammoniaci
833 1035 1063 1080 compositione,
1082 1033 1187 1076 analysi
1201 1060 1209 1073 ‚
1230 1038 1261 1067 &
1274 1033 1323 1065 usu
1341 1033 1405 1064 satis
1418 1030 1526 1062 multa:

296 1094 371 1117 nunc
390 1086 425 1117 de
446 1085 508 1117 aliis
528 1083 743 1128 operationibus
763 1083 913 1123 Chymicis
933 1077 1060 1123 preffiori
1087 1077 1160 1120 stylo
1186 1075 1338 1120 agendum.
1362 1077 1458 1106 Prima
1476 1085 1529 1104 oc-

297 1132 386 1161 currit
405 1129 538 1161 ruderum
562 1138 690 1159 veterum
714 1125 832 1167 analysis
851 1125 866 1154 ὲ
888 1125 928 1154 D.
946 1121 1091 1153 Bouleduc
1106 1121 1192 1152 fasta.
1217 1121 1250 1151 ld
1269 1119 1385 1164 quidem
1400 1122 1428 1149 in
1446 1129 1529 1148 men-

296 1184 353 1204 tem
372 1177 431 1213 ejus
453 1175 550 1206 venit,
573 1182 607 1201 an
631 1165 704 1201 forte
735 1169 845 1212 spiritus
866 1169 933 1198 nitri
964 1166 979 1195 ὲ
999 1165 1111 1195 vetustis
1134 1164 1280 1195 ruderibus
1301 1162 1410 1193 extrahi
1425 1160 1526 1204 posset.

297 1217 379 1248 Cum
401 1219 479 1246 enim
505 1218 534 1245 in
555 1226 589 1244 eo
607 1212 708 1256 spiritu
725 1210 902 1242 extrahendo
925 1219 997 1254 opus
1021 1206 1054 1238 sir
1075 1207 1173 1249 aliquo
1201 1205 1393 1244 intermedio,
1419 1203 1491 1235 illud
1515 1203 1531 1233 ὲ

297 1259 398 1290 natura
419 1258 476 1302 ipsa
499 1259 686 1297 conjunctum
702 1255 814 1285 videtur
842 1267 850 1285 z
873 1264 980 1283 veteres
1000 1253 1094 1292 itaque
1125 1250 1231 1294 lapides
1252 1248 1371 1292 gypscos
1390 1251 1463 1278 inter
1483 1258 1532 1277 ru-

298 1301 367 1333 dcta
390 1301 475 1342 elegit
498 1314 505 1331 :
532 1299 612 1330 libtae
633 1304 666 1329 16
690 1301 719 1328 in
741 1296 889 1339 pulverem
905 1293 1029 1324 contusa-⁵
1049 1293 1107 1324 leni
1128 1297 1192 1336 igne
1211 1292 1351 1323 cxficcatae
1375 1290 1410 1321 ad
1435 1301 1465 1322 υ.
1491 1288 1532 1320 li-

300 1345 366 1376 bras
380 1344 497 1374 redacta:
513 1365 521 1377 ‚
536 1342 660 1373 testaceae
673 1350 784 1370 retortae
795 1338 866 1369 bene
882 1337 992 1371 lutam,
1010 1346 1040 1366 ut
1057 1335 1211 1380 loquuntur
1224 1358 1233 1371 ,
1256 1336 1317 1365 sunt
1330 1331 1467 1376 imposita:
1480 1348 1487 1370 ·‚
1501 1334 1531 1362 in

303 1387 458 1418 reverberii
479 1386 564 1415 fitrno
585 1381 726 1414 conclusae
751 1394 758 1413 :
776 1381 833 1412 levi
854 1382 928 1423 ignis
951 1379 1043 1410 calore
1066 1389 1101 1408 12
1120 1383 1210 1409 uncia·
1232 1378 1399 1421 phlegmatis
1420 1375 1533 1418 prorsus

303 1429 415 1472 insipidi
436 1427 576 1459 stillarunt
598 1438 606 1461 ;
633 1425 682 1456 ubi
708 1435 826 1468 vapores
846 1434 997 1467 apparuere
1011 1420 1157 1457 ‚detracto
1172 1421 1332 1466 phlegmate
1349 1430 1395 1450 vas
1408 1422 1533 1450 vitreum

303 1477 333 1504 &
358 1473 537 1515 Sphaericum
559 1471 666 1514 aptavit
679 1491 689 1505 ‚
708 1470 775 1510 igne
803 1478 852 1511 per
874 1466 977 1509 gradus
997 1463 1124 1504 sanet‘to
1144 1487 1152 1500 ,
1172 1477 1201 1496 ut
1226 1468 1254 1496 in
1277 1464 1375 1506 spiritu
1393 1465 1459 1493 nitri
1479 1461 1534 1492 cli-

301 1516 404 1547 ciendo
436 1514 498 1545 fieri
525 1512 595 1544 solet
613 1535 623 1549 ,
647 1510 786 1554 quamdiu
805 1520 925 1552 vapores
950 1507 999 1538 visi
1022 1521 1029 1538 :
1055 1507 1124 1538 vasis
1144 1509 1315 1550 refrigeratis
1336 1510 1365 1537 &
1391 1507 1492 1548 apertis
1513 1515 1533 1542 7

302 1558 363 1591 fere
383 1561 471 1589 unciae
488 1555 602 1601 spiritus
620 1578 630 1591 ‚
660 1554 676 1584 ὲ
695 1554 807 1596 vulgati
822 1551 903 1584 nullo
925 1551 1013 1582 modo
1026 1550 1208 1594 discrepantis
1223 1554 1343 1581 inventa:
1359 1549 1427 1579 sunt.
1532 1544 1536 1547 ’

347 1602 442 1644 Caput
461 1610 609 1631 mortuum
630 1609 696 1628 cum
721 1596 823 1628 salsum
845 1595 989 1626 videretur
1002 1617 1011 1629 ‚
1033 1605 1096 1636 pars
1116 1598 1174 1636 ejus
1198 1594 1298 1625 lixivio
1317 1616 1326 1629 ,
1357 1590 1511 1622 filtratione
1525 1611 1536 1626 ‚

303 1649 333 1676 δε
349 1644 527 1674 exhalatione
545 1639 693 1684 praemiffis
712 1641 860 1671 materiam
884 1637 981 1669 salsam
998 1636 1126 1680 praebuit.

345 1689 385 1718 Ex
410 1687 464 1716 hoc
480 1688 676 1716 exmerimento
696 1695 754 1714 non
774 1681 851 1713 :iliud
869 1681 1009 1723 quiddam
1029 1678 1194 1722 colligitur,
1208 1678 1258 1709 nisi
1277 1679 1306 1710 id
1325 1688 1414 1709 unum
1427 1697 1438 1712 ,
1453 1675 1533 1718 quod

304 1742 336 1761 ex
355 1729 470 1761 vetustis
490 1712 640 1758 rtideribus
656 1726 780 1770 salpen·ae
795 1725 879 1758 educi
892 1722 974 1768 possit
991 1746 1001 1759 ‚
1025 1721 1073 1754 etsi
1087 1721 1168 1753 nullo
1188 1734 1259 1766 pene
1274 1722 1378 1754 ftutstu.

722 1860 753 1895 C
782 1857 813 1893 A
838 1858 862 1893 P
881 1859 920 1895 U
943 1857 978 1892 T
1042 1857 1077 1893 V
1093 1855 1123 1892 Ῑ.

622 1954 671 1983 De
694 1944 879 1995 quibussiam
900 1943 970 1977 aliss-
993 1942 1219 1993 experimentis.

311 2036 336 2065 1.
358 2034 573 2109 DOminus
595 2031 748 2073 Hombcrg
771 2030 804 2061 dc
825 2028 1017 2072 quorumdam
1047 2031 1185 2059 vitrorum
1213 2026 1352 2059 solutione
1376 2031 1404 2060 in
1428 2028 1537 2071 aquosis

449 2076 605 2120 liquoribus
628 2078 697 2118 (git.
722 2077 764 2106 Ac
782 2077 905 2115 primum
931 2072 960 2103 id
980 2071 1159 2102 observatum
1175 2071 1210 2102 ab
1232 2082 1265 2100 eo
1287 2094 1296 2106 ‚
1321 2072 1430 2103 nullum
1454 2071 1536 2101 nobis

308 2121 411 2164 pra-sto
435 2120 488 2150 effe
511 2119 651 2162 liquorem
666 2141 674 2156 ,
695 2121 743 2161 qui
757 2121 861 2148 vitiutn
883 2126 1034 2147 commuue
1055 2113 1187 2146 dissolvat
1215 2128 1221 2146 z
1243 2118 1272 2146 ἃ
1290 2126 1385 2148 tamen
1405 2116 1472 2157 stt-'pc
1487 2126 1535 2144 nc-

1443 2157 1538 2188 cidete
