1638 2345
283 112 593 146 ACADEMIAE
630 109 918 142 HISTORIA.
955 110 1093 140 an.1.
1282 123 1307 150 51

88 164 170 193 citare
187 168 286 194 mota,
304 169 360 201 qua
379 161 452 188 intra
471 159 615 187 minutum
641 153 795 185 secundum
815 152 917 197 pedem
939 164 1029 183 unum
1047 150 1182 188 conficit,
1198 156 1226 184 in
1248 153 1308 196 pla·
1322 152 1430 196 Hydro-

88 220 157 239 num
173 205 343 251 quadratum
361 208 444 235 unius
464 204 562 235 itidem
587 203 666 247 pedis
686 199 900 245 impressionem
917 212 961 240 44
983 204 997 248 ἑ
1025 203 1173 232 unciarum
1201 201 1288 234 efficit
1301 199 1426 240 ‚statim

92 257 103 295 (
120 254 199 299 quod
225 264 258 283 ex
273 251 354 294 supra
373 251 453 282 diisto
471 253 667 294 experimento
687 247 809 279 effluxus
832 259 910 292 aquae
934 248 949 278 ἐ
964 247 1096 290 cylindro
1115 260 1146 291 35
1174 249 1314 292 pollicum

89 297 148 328 alto
168 306 349 339 computatur
368 308 374 325 :
393 297 404 333 )
422 294 493 325 adeo
521 304 551 323 ut
578 293 720 324 celeritate
746 303 824 336 aquae
849 291 884 321 eo
898 293 985 335 usque
1003 291 1085 323 aneta
1104 304 1134 323 ut
1152 295 1224 323 intra
1238 294 1315 324 idem

91 351 204 384 ternpus
229 351 238 370 1
257 350 294 369 m.
312 337 409 368 decem
432 336 537 379 pedum
558 335 677 380 spatium
701 335 854 370 decurrat,
877 338 907 365 in
931 336 1007 365 idem
1031 335 1148 378 planum
1161 335 1318 379 impreffio-

92 395 159 415 nem
179 394 257 425 4450
276 383 422 412 unciarum
443 379 545 410 faciat:
566 390 632 410 cum
649 377 844 422 impressiones
860 389 906 410 aut
925 381 1060 421 potentiae
1081 377 1133 410 fint
1151 390 1181 410 ut
1202 380 1320 422 quadra.-

94 438 121 458 ta
138 426 334 457 velocitatum.

126 472 173 500 Sic
191 471 239 499 a'e'r
262 468 276 498 ὲ
294 464 412 497 follibus
437 478 467 497 ea
487 468 516 496 vi
534 464 667 508 perflatus
691 477 722 497 ut
747 477 779 498 10
800 464 884 508 pedes
905 469 978 497 intra
992 469 1136 497 minutum
1162 465 1319 498 secundum

93 523 237 557 percurrat
249 534 257 547 ,
270 514 300 541 in
318 509 434 553 planum
450 509 552 539 itidem
573 511 654 539 unius
673 510 751 551 pedis
772 508 900 552 quadrati
917 511 1056 553 impartitus
1068 521 1086 547 9
1099 511 1247 540 unciarum
1265 512 1321 540 im-

95 568 192 600 petum
214 555 289 586 facit.
313 553 398 585 Unde
421 552 440 583 fi
455 556 527 583 intra
548 551 623 581 idem
643 564 754 595 tempus
770 564 811 584 20
832 552 918 595 pedes
933 564 1083 596 peragret,
1103 563 1134 583 ut
1148 564 1248 584 ventus
1259 565 1320 584 me-

95 600 201 630 dioctis
227 597 294 628 solet
312 619 320 631 ,
343 599 385 628 vis
403 598 525 638 impetus
546 598 598 625 etit
623 601 655 633 36
673 599 820 626 unciarum
839 595 998 639 quadrupla
1011 608 1112 638 nempe
1126 599 1237 638 prioris,
1253 597 1322 639 Jam

95 640 254 686 quamlibet
277 639 348 670 alam
372 639 531 668 molettinae
549 648 580 677 32
597 638 682 680 pedes
698 641 728 668 in
749 638 868 680 longum
889 642 919 668 &
941 641 1008 670 osto
1023 642 1053 669 in
1076 640 1163 670 latum
1176 661 1184 674 ‚
1206 639 1251 671 scu
1265 645 1323 682 256

95 685 184 729 pedes
207 682 358 727 quadratos
379 681 484 711 habere
498 691 638 723 ponamus
654 703 663 717 ‚
686 684 764 712 venti
787 679 931 724 impreffio
952 685 982 712 in
1007 693 1096 713 rotam
1121 681 1194 712 alam
1218 683 1325 714 direcssh?

96 726 257 772 oppositam
276 728 328 755 erit
352 730 409 766 576
433 724 588 755 librarum:
611 735 677 754 nam
700 730 731 765 36
752 727 841 755 unciae
859 724 1006 756 ducenties
1028 727 1215 768 quinquagies
1239 726 1326 757 sexies

97 774 127 802 in
144 783 178 801 eo
204 779 322 800 numero
346 772 400 810 576
417 767 494 798 libris
514 769 707 798 continentur.
731 767 786 799 Sed
809 770 876 810 quia
895 779 996 799 ventus
1010 768 1083 799 alam
1102 780 1135 798 ex
1153 767 1273 812 obliquo
1287 770 1328 800 fe-

97 817 157 850 rit,
180 812 199 844 fi
222 823 362 855 ponamus
377 809 512 853 angulum
535 809 751 846 semi-rectum,
775 813 828 841 erit
844 821 875 841 ut
897 810 1059 855 diagonalis
1079 811 1114 842 ad
1136 811 1266 855 quadrati
1288 812 1330 842 la-

98 872 143 893 tus
156 883 165 896 ,
179 863 217 891 ita
242 864 299 900 576
322 857 402 888 librae
415 857 449 888 ad
472 868 519 897 411
542 857 582 900 ξι
605 858 676 889 adeo
686 869 715 888 ut
730 869 832 889 ventus
848 857 940 901 qualis
959 859 974 888 ὲ
996 858 1082 890 nobis
1093 857 1200 902 politus
1223 860 1280 896 est,
1299 873 1331 891 ea

98 911 128 939 vi
147 903 269 949 singulas
292 903 348 935 alas
363 916 397 934 ex
416 904 536 945 obliquo
560 903 662 937 feriat:
685 904 834 948 complura
847 907 900 934 alia
920 907 951 935 in
971 916 1109 948 aquarum
1129 905 1275 943 dustibus,
1298 910 1330 938 8<

100 949 262 983 salientibus
284 959 342 978 non
368 947 480 979 inutilia
498 947 565 977 hinc
590 952 650 980 erui
672 948 796 992 possunt.

525 1072 557 1107 C
581 1072 616 1108 A
640 1072 664 1108 P
689 1075 727 1110 U
756 1073 791 1108 T
843 1072 888 1113 ‘V
911 1075 939 1111 1.

273 1166 321 1196 De
340 1158 428 1194 rebus
448 1156 645 1208 Algebrai‘cis
655 1181 667 1198 ,
695 1161 893 1195 Geometricis
915 1158 953 1198 ὠ
972 1160 1174 1197 Mechanicis.

106 1251 130 1279 Ι.
155 1248 194 1323 l
209 1247 256 1277 Sta
273 1245 389 1289 quidem
416 1245 451 1277 de
477 1244 827 1286 Phyfico-Mathematicis
846 1249 875 1276 in
894 1245 1049 1277 Academia
1072 1247 1135 1278 sunt
1155 1249 1265 1289 agitata.
1284 1248 1332 1277 In-

157 1321 162 1326 ,
209 1293 291 1320 terim
311 1301 405 1320 tamen
420 1301 488 1332 pura
510 1286 647 1319 Mathesis
666 1290 794 1330 neglecta
815 1301 872 1319 non
890 1287 941 1319 fuit
955 1312 964 1324 ,
987 1289 1033 1320 sed
1048 1290 1136 1321 multa
1157 1301 1242 1333 eaque
1262 1302 1330 1333 ptae-
1359 1313 1412 1339 ,ω

106 1333 181 1365 clara
205 1336 233 1363 in
254 1344 286 1363 ea
310 1331 423 1363 scientia
444 1343 505 1376 quae
523 1334 573 1362 hac
599 1342 678 1362 aetate
706 1343 798 1363 tantos
822 1331 982 1376 progressus
1006 1334 1095 1369 fecit,
1120 1338 1238 1376 quaeque
1260 1337 1332 1364 circa
1345 1321 1379 1341 m
1417 1333 1426 1339 '

107 1379 294 1420 quantitatem
325 1374 477 1405 univeisim
501 1374 652 1417 speciatam
682 1374 825 1411 versatur,
850 1376 922 1406 hanc
943 1375 1101 1417 Algcbram
1114 1375 1266 1418 speciosam
1277 1389 1334 1407 vo-

107 1431 195 1455 cant3
214 1418 303 1449 multa
320 1420 347 1447 in
369 1420 552 1453 Geomeuia,
579 1418 768 1449 Arithmetica
788 1423 815 1449 &
841 1429 972 1449 motuum
986 1419 1100 1450 scientia
1120 1420 1182 1450 sunt
1201 1423 1333 1455 inventa,

108 1474 155 1494 aut
183 1460 297 1497 lonaius
317 1462 450 1502 proveeta
463 1483 472 1496 ‚
488 1472 550 1504 quae
567 1460 629 1491 satis
653 1461 739 1492 fucrit
761 1460 862 1492 leviter
885 1465 1042 1504 attingere,
1059 1474 1124 1493 curn
1146 1463 1279 1505 pleraque
1301 1474 1335 1493 ex

110 1508 143 1535 iis
165 1508 237 1536 inter
259 1502 445 1534 Miscellanca
463 1516 510 1535 aut
532 1516 617 1546 opera
642 1504 790 1546 posthuma
810 1502 915 1535 fuerint
936 1505 1087 1547 publicata.

142 1549 186 1578 Ac
202 1551 328 1591 primum
349 1546 466 1588 quidem
489 1548 529 1578 D.
548 1549 687 1578 Mariotte
706 1559 820 1590 rogatus
841 1548 930 1579 fuerat
949 1559 978 1578 ut
1001 1548 1072 1578 duos
1089 1550 1233 1585 trastatus,
1247 1559 1339 1579 unum

109 1590 145 1622 de
168 1591 293 1633 Algebta
312 1590 328 1619 ἐι
350 1591 389 1620 D.
416 1591 557 1621 Brancher
589 1589 681 1620 nobili
706 1589 803 1633 Anglo
817 1593 926 1621 nonita
950 1591 1062 1633 pridem
1085 1591 1288 1636 conscriptum,
1301 1592 1338 1622 al-

111 1644 204 1665 terum
229 1634 263 1664 de
279 1635 515 1674 Trigonometria
534 1633 550 1662 ὲ
581 1634 622 1666 D.
642 1633 792 1664 Norvood
813 1646 902 1677 nuper
920 1634 1029 1665 editum
1057 1634 1232 1678 perlegeret,
1252 1647 1282 1666 ac
1303 1635 1338 1665 de

111 1688 232 1720 Utroque
259 1675 328 1718 quid
353 1674 402 1705 fibi
419 1676 559 1706 videretur
582 1676 617 1706 ad
638 1677 824 1708 Academiam
844 1677 980 1712 referret,
999 1679 1078 1719 quod
1104 1679 1229 1720 proestitir
1244 1679 1288 1709 die
1310 1690 1339 1718 ²5

112 1720 186 1762 Julii
212 1724 241 1751 ὅ(
267 1731 279 1750 1
304 1719 422 1760 Augusti
448 1731 455 1753 3
479 1731 630 1763 utrumque
654 1731 725 1762 opus
748 1720 887 1752 methodo
921 1720 1052 1764 expedita
1072 1721 1248 1753 elaboratum
1271 1734 1340 1754 cen-

115 1764 189 1799 suit,
220 1774 282 1806 quac
305 1765 334 1792 in
355 1765 387 1792 iis
412 1762 492 1794 libris
516 1762 603 1794 ess'ent
622 1766 808 1806 pertradhita,
832 1775 950 1807 quteque
969 1764 1029 1795 usui
1050 1763 1144 1796 futura
1165 1766 1342 1801 viderentur,

116 1809 232 1849 aperuit.

149 1851 189 1879 11.
216 1848 426 1890 Qadraturam
451 1848 624 1892 hyperboles
647 1849 662 1879 ὲ
685 1851 727 1883 D.
747 1851 913 1881 Mercatore
934 1849 1062 1892 primum
1083 1851 1269 1895 propositam,
1284 1863 1344 1882 tum

117 1892 135 1922 ὲ
161 1893 203 1922 D.
226 1891 337 1923 Vvallis
362 1892 530 1936 explicatam
553 1896 583 1924 &
613 1895 769 1925 correctam
785 1916 794 1929 ‚
811 1904 842 1923 ac
867 1893 981 1924 tandem
1000 1893 1015 1923 ὲ
1034 1895 1073 1924 D.
1101 1895 1223 1937 Hugens
1250 1894 1346 1926 multis

118 1935 230 1966 auctam
259 1935 545 1967 demonstrationibus
570 1959 579 1972 ,
608 1947 670 1967 tum
700 1947 761 1978 quae
787 1937 822 1967 ad
854 1936 937 1976 hujus
964 1939 1003 1967 rei
1035 1937 1256 1979 intelligentiam
1285 1937 1348 1967 sunt

118 1976 288 2012 necessaria,
310 1979 428 2020 ipsemet
444 1980 571 2021 exposuit
595 1990 603 2014 ·‚
624 1978 705 2010 simul
731 1991 816 2023 quam
835 1979 913 2011 utilis
925 1979 957 2011 sit
975 1981 1033 2012 haec
1048 1981 1221 2025 hyperboles
1238 1979 1348 2011 dimen-

119 2019 160 2051 sio
184 2022 364 2051 inveniendis
386 2022 583 2064 Logarithinis
604 2024 738 2054 ostendit.

157 2066 213 2095 111.
244 2064 343 2094 Paucis
375 2066 435 2107 post
460 2065 560 2097 diebus
580 2077 636 2108 qua
660 2069 768 2097 ratione
793 2066 926 2110 regularis
942 2070 1084 2109 aequatio,
1103 2066 1294 2111 cujuscunque
1318 2067 1350 2098 fi:

121 2107 224 2150 gradus
239 2132 248 2145 ,
269 2106 394 2152 deprimi
420 2105 504 2150 poffit
527 2109 569 2141 D.
591 2109 626 2142 de
648 2109 800 2143 Roberval
814 2111 928 2142 edocuit
944 2133 954 2146 ,
977 2110 1063 2152 idque
1076 2113 1149 2141 inter
1171 2110 1354 2142 Miscellanea

1158 2153 1222 2195 cij

1348 1268 1441 1296 Geome
