1638 2345
288 126 587 158 ACADEMIAE
625 125 893 157 HISTORIA
928 126 1012 157 LrB.
1050 127 1097 158 11.
1257 135 1311 165 145

133 170 210 201 Cum
234 175 318 202 variae
347 168 496 201 satellitum
528 170 611 211 Jovis
636 168 876 210 configurationes
909 179 1094 211 permagnum
1118 165 1152 196 ad
1175 167 1311 198 Astrono-
1330 168 1434 210 Astron

88 217 176 244 miam
201 217 230 244 δέ
255 214 467 256 Οεοὲπεψὴίῑιιῃ
487 224 664 242 momentum
683 203 801 243 afferant
816 235 824 247 ‚
849 212 939 242 visum
959 212 996 242 est
1021 213 1060 242 D.
1077 208 1192 241 Caffino
1210 211 1256 241 die
1279 222 1313 240 ιι

88 257 207 298 Augusti
228 256 331 300 sciipto
356 255 471 300 publico
493 257 682 286 Astronomos
702 255 854 285 admonere
876 277 886 290 ‚
907 254 1003 297 quales
1023 266 1098 286 anno
1118 257 1251 296 proximo
1270 253 1316 283 fu.

87 308 157 329 turae
175 298 261 331 essent
275 323 285 335 ,
306 311 335 330 ut
351 311 451 329 eorum
469 310 564 329 motus
587 298 653 328 hinc
671 297 852 339 comprobati
872 321 881 333 ,
914 303 944 329 ἂ
969 309 1045 329 certo
1060 296 1174 328 definiti
1214 295 1316 328 ostent.

88 341 165 373 Cum
180 355 273 374 autern
289 344 371 384 hujus
394 341 487 385 scripti
503 341 675 384 exemplaria
694 341 884 372 desiderentur
897 363 906 378 ,
923 342 1008 384 idque
1024 341 1160 384 perbreve
1182 309 1214 370 sipt
1228 362 1238 376 ‚
1257 352 1317 370 non

80 388 140 417 crit
162 385 287 417 alienum
309 387 364 416 hoc
385 384 449 415 loco
470 384 541 415 illud
565 384 732 414 exscribere.

134 426 360 460 Observationes
382 427 534 458 satellitum
551 427 635 469 Jovis
658 427 818 458 selcetiores
842 427 970 458 institutae
995 426 1029 457 ab
1048 426 1201 458 Academia
1223 424 1316 470 elapso
1335 433 1357 447 “

85 475 283 514 quinquennio
296 483 401 502 novam
418 471 628 514 suppeditarunt
644 470 882 514 prostaphaerefim
905 470 1039 500 omnibus
1059 469 1225 501 satellitibus
1238 480 1317 500 com-
1334 473 1357 490 “

86 525 204 546 munem
223 538 231 550 ‚
255 526 318 558 quae
341 517 410 545 tanti
438 515 475 544 est
503 518 669 548 momenti,
698 525 728 544 ut
751 514 879 556 neglcista
903 526 1028 544 errorem
1052 514 1218 555 quadrantis
1240 513 1317 544 hotoe
1334 519 1357 533 ‘⁸

85 556 170 600 possit
189 561 218 589 in
237 558 419 601 ptxdiffione
441 556 586 600 eelipfium
603 557 745 588 inducere.
773 559 824 588 Ex.
841 568 883 599 gr.
899 556 1017 588 (nitisio
1033 560 1116 599 piimi
1131 555 1255 586 satellitis
1271 556 1317 587 die
1335 559 1356 577 “

90 607 126 630 16
148 601 326 632 Novembris
346 604 471 643 proximi
496 612 526 629 10
551 603 662 631 circiter
679 603 796 631 minutis
816 600 920 630 tardius
946 599 1076 635 accidit,
1100 611 1186 642 quam
1212 600 1316 630 indicat
1334 606 1357 620 “

85 643 209 675 calculus
222 667 231 680 ,
247 647 296 686 qui
314 656 376 675 eam
397 644 506 686 vulgati
527 644 616 674 modo
633 642 747 674 deducit
771 654 804 672 ex
821 642 1026 673 emersionibus
1042 642 1122 673 faustis
1144 643 1235 673 statim
1257 643 1317 686 post
1334 650 1356 662 “

84 686 294 729 oppositionem
322 688 416 729 J0vis.
1333 693 1357 706 “

133 730 258 774 Alligata
277 731 313 761 est
331 732 388 760 hae:
407 729 594 774 irregularitas
609 729 643 760 ad
662 733 823 760 varietatem
842 728 959 760 visibilis
978 729 1109 759 diametri
1130 728 1212 769 Jovis
1226 751 1235 763 ‚
1259 727 1316 758 five
1333 735 1355 748 “

84 771 120 803 ad
141 773 324 805 intervallum
351 775 433 816 Jovis
459 775 474 804 ‘a
498 785 571 805 terra
591 795 600 808 ,
624 776 652 803 ἃ
676 773 788 803 videtur
814 775 883 803 oriri
914 784 948 802 ex
968 784 1002 802 eo
1026 769 1105 813 quod
1129 773 1223 801 lumen
1239 770 1254 800 ὲ
1273 771 1312 802 sa-
1333 778 1355 791 “

82 815 222 848 tellitibus
243 829 300 847 non
319 821 464 859 perveniat
483 816 516 847 ad
545 827 596 846 nos
617 815 666 846 nisi
686 816 747 858 post
764 815 890 857 aliquam
911 817 1047 858 temporis
1068 825 1178 844 moram
1195 826 1203 845 ε
1233 816 1270 844 ita
1285 825 1315 845 ut
1331 821 1354 834 “

84 861 234 903 impendat
255 860 354 890 decem
369 859 414 891 vel
436 859 568 891 undecim
587 862 694 889 minuta
715 871 763 902 per
784 858 901 903 spatium
919 857 1024 901 aequale
1045 856 1254 888 semidiametro
1267 868 1313 888 or·
1332 864 1354 877 “

85 900 127 933 bis
148 907 244 934 annui.
1331 907 1355 920 ‘²

133 947 188 978 Sed
205 946 358 978 difficultas
378 948 450 976 circa
468 947 521 976 hoe
541 946 714 977 elementum
737 945 878 976 calculum
903 944 1033 976 redderet
1055 944 1293 975 intricatissimum
1306 967 1314 980 ,
1332 948 1353 964 “

84 988 135 1019 nisi
160 989 242 1020 fimul
258 994 372 1021 invinta
390 988 458 1019 effer
479 993 548 1019 ratio
570 988 743 1019 conficiendi
763 989 869 1021 tabulas
885 1014 892 1024 ‚
913 1000 946 1018 ex
965 988 1068 1032 quibus
1090 999 1139 1030 per
1159 987 1233 1017 solos
1254 999 1314 1017 me-
1332 990 1354 1007 “

83 1032 146 1063 dios
167 1045 261 1064 motus
283 1037 311 1064 &
336 1036 448 1063 unicam
473 1032 597 1063 tabulam
620 1033 865 1075 prostaphaetitam
888 1030 944 1062 sine
968 1031 1028 1061 ullo
1051 1030 1173 1061 subsidio
1196 1030 1314 1061 aliatum
1331 1037 1354 1050 “

83 1075 242 1107 tabularum
268 1077 362 1106 baberi
384 1074 495 1119 possunt
521 1087 649 1119 tempora
676 1074 827 1118 Eclifstum
852 1073 1002 1105 satellitum
1028 1073 1204 1117 singulorum
1228 1085 1312 1109 vera,
1331 1080 1358 1094 “

82 1120 294 1163 continebitque
314 1118 362 1149 illa
381 1117 474 1149 tabula
495 1119 714 1161 inaequalitaiem
732 1122 843 1149 ditttim
865 1141 872 1153 ,
895 1118 942 1148 seu
962 1129 1059 1148 verum
1083 1128 1193 1147 motum
1216 1116 1289 1147 Solis
1305 1130 1313 1152 3
1330 1139 1353 1152 ‚‚

82 1172 194 1193 monim
211 1163 294 1205 Jovis
311 1165 339 1192 in
359 1165 520 1192 excentrico
533 1184 542 1197 ,
567 1165 597 1193 ὗε
618 1173 722 1192 novam
745 1162 822 1192 illam
845 1165 902 1202 jam
925 1161 1066 1192 demetam
1082 1159 1312 1203 inaequalitatem.
1330 1167 1353 1180 “

82 1206 171 1246 Qod
187 1217 277 1249 genus
296 1204 457 1241 tabulatum
481 1216 582 1236 omncs
601 1205 657 1235 huc
680 1205 764 1248 usque
789 1203 898 1235 usitatas
919 1206 1077 1239 brevitate,
1100 1202 1236 1233 facilitate
1249 1225 1259 1238 ,
1280 1205 1309 1233 δε
1328 1210 1353 1223 “

81 1247 266 1280 multitudine
283 1247 488 1278 elementorum
508 1248 657 1290 superabit.
1329 1253 1350 1266 ‘⁸'

125 1294 167 1324 Χ.
198 1292 283 1322 Circa
300 1291 377 1322 ditm
394 1302 426 1320 22
445 1291 620 1322 Novembris
639 1291 699 1335 post
723 1293 832 1322 exactas
854 1291 978 1321 inducias
999 1291 1038 1319 D.
1063 1291 1192 1320 Ro'e'tnet
1209 1288 1308 1320 disser-

80 1337 217 1365 tationem
238 1335 305 1378 legit
329 1337 365 1365 de
386 1334 501 1365 luminis
525 1338 751 1377 propagatione,
775 1346 860 1376 quam
887 1338 917 1365 in
940 1334 1052 1364 instanti
1076 1344 1135 1364 non
1156 1332 1218 1363 fieti
1241 1333 1307 1363 hinc

80 1378 180 1420 probat
200 1382 278 1420 quod
302 1381 385 1421 primi
409 1377 534 1409 satellitis
558 1378 640 1420 Jovis
659 1377 873 1408 immeifionum
898 1381 928 1408 &
951 1375 1140 1407 emersionurn
1158 1375 1306 1417 inaeqiialia

79 1420 132 1451 lint
151 1432 290 1464 tempora.
314 1420 402 1462 Qod
420 1432 527 1463 magriae
544 1420 745 1463 disquisitionis
764 1423 878 1452 initium
901 1423 954 1451 fuit
966 1443 975 1455 ,
999 1418 1035 1450 de
1057 1430 1111 1461 qua
1127 1418 1214 1463 paulo
1235 1420 1306 1462 pest.

80 1464 157 1494 Cum
175 1475 267 1495 autem
283 1467 315 1494 iis
334 1464 511 1507 temporibus
537 1463 655 1506 insignis
676 1468 705 1495 in
723 1464 790 1494 Sole
809 1463 918 1494 macula
937 1462 995 1494 visa
1020 1460 1084 1493 esset
1098 1485 1107 1498 ,
1130 1473 1192 1504 quae
1214 1465 1306 1504 prima

78 1507 199 1549 periodo
217 1509 327 1550 peraeta
343 1518 447 1538 novam
467 1510 536 1538 inire
552 1507 699 1538 videbatur
712 1531 721 1542 ,
744 1507 826 1550 hujus
845 1518 955 1538 motum
976 1505 1089 1549 singulis
1111 1504 1212 1536 dicbus
1229 1505 1305 1536 futu-

78 1561 142 1581 tum
166 1550 270 1594 scripto
294 1550 409 1594 publico
429 1551 560 1594 ptaedixit
581 1551 621 1580 D.
635 1550 753 1583 Caffini.

122 1596 150 1624 X
164 1596 187 1625 1.
226 1596 339 1637 Aginna
354 1596 456 1625 iterum
475 1592 528 1624 fuit
548 1594 663 1636 quaestio
683 1594 718 1625 de
737 1593 938 1625 emersionibus
952 1598 982 1626 &
1002 1591 1230 1624 immersionibus
1245 1594 1304 1635 pri-

77 1641 119 1668 mi
137 1638 220 1680 Jovis
239 1637 363 1668 satellitis
379 1659 387 1671 ‚
409 1638 488 1679 quod
510 1637 618 1668 summ-2
634 1641 771 1681 temporis
785 1636 1000 1668 immeriionum
1020 1636 1134 1667 brevior
1154 1634 1186 1666 sit
1209 1647 1304 1667 erner-

77 1679 188 1711 fionum
210 1681 327 1713 summa.
363 1681 439 1710 Cum
458 1681 492 1712 dc
511 1681 593 1722 hujus
612 1681 801 1724 phoenomeni
824 1680 902 1712 eausa
920 1692 978 1711 non
999 1678 1076 1710 idem
1100 1678 1234 1710 sentirent
1261 1678 1303 1709 D.

79 1723 187 1754 Caffini
210 1728 239 1755 &
266 1726 306 1756 D.
321 1725 469 1763 Roemer,
488 1735 604 1766 uterque
624 1725 790 1756 sententiam
805 1724 879 1756 suam
899 1722 1057 1754 rationibus
1079 1726 1109 1753 δέ
1130 1724 1304 1763 εοῐηεέὶυῑὶε

77 1765 204 1797 firmavit
226 1781 232 1798 :
255 1768 300 1798 scd
318 1768 353 1798 de
375 1779 402 1797 te
425 1767 482 1810 ipsa
501 1767 578 1798 nulla
597 1779 654 1797 etat
676 1771 748 1798 inter
765 1779 812 1798 eos
829 1766 969 1799 diffenfio.
996 1767 1075 1797 Nam
1089 1765 1197 1795 summa
1211 1777 1303 1795 emer-

77 1808 188 1839 sionum
209 1809 345 1853 longioris
367 1813 504 1853 temporis
517 1810 604 1852 spatio
621 1811 727 1842 constat
741 1834 751 1846 ,
773 1821 858 1852 quam
879 1809 1104 1842 immersioniim.
1127 1811 1302 1840 Sententiam

78 1853 120 1882 D.
135 1853 262 1882 Raemer
278 1854 312 1884 de
327 1855 441 1885 luminis
464 1866 543 1884 mora
562 1858 590 1885 in
612 1857 713 1898 quinto
735 1855 882 1885 volumine
906 1853 1014 1885 Philos.
1031 1853 1130 1883 nostra:
1146 1854 1247 1884 vetetis
1271 1855 1301 1882 ἃ

76 1907 159 1926 novae
178 1895 328 1939 expostum
349 1901 475 1929 invenies
488 1919 495 1932 ‚
520 1900 560 1928 uti
573 1902 601 1928 in
614 1899 732 1928 [saetam
748 1900 788 1930 D.
803 1899 922 1941 l-lugens
934 1898 968 1928 de
983 1896 1100 1927 lumine.

125 1941 211 1969 XII.
252 1941 310 1970 Die
333 1952 365 1971 12
389 1940 558 1971 Decembris
588 1943 627 1972 D.
655 1943 785 1972 Ro'emer
811 1953 864 1983 qua
893 1945 1003 1972 ratione
1030 1938 1104 1970 Solis
1127 1939 1245 1970 maculae
1270 1942 1299 1969 iri

76 1982 144 2014 Sole
157 1985 225 2013 citra
239 1983 330 2014 ullum
352 1984 566 2016 instrumtntuzn
578 1984 721 2016 observari
735 1984 838 2028 possint
850 2008 860 2020 ‚
884 1983 1020 2027 exposuit·
1041 1985 1119 2013 Tum
1136 1982 1299 2013 machinam

77 2025 92 2056 ὲ
111 2025 137 2056 se
155 2030 340 2069 excogitatam
358 2028 485 2058 exhibuit
500 2050 509 2064 ‚
531 2027 635 2058 duolcv,
657 2029 759 2069 nempe
784 2028 986 2071 Telcscopium
1007 2026 1118 2057 duobus
1138 2025 1300 2055 octantibus

75 2068 114 2100 fic
134 2081 259 2112 aptatum
280 2082 310 2100 ut
333 2083 391 2101 uno
413 2070 491 2103 alteri
514 2072 548 2101 ad
568 2071 680 2103 libitum
704 2070 828 2112 subjecto
845 2095 853 2108 ‚
874 2084 918 2103 aut
936 2072 971 2102 ab
992 2082 1026 2100 eo
1047 2069 1164 2099 didutsto
1180 2067 1300 2109 angulo-

73 2123 139 2145 1um
153 2114 380 2156 magnitudinem
401 2113 482 2147 liceat
502 2116 638 2147 dimetiri.
665 2117 759 2158 Hujus
774 2116 954 2149 instrumenti
976 2113 1025 2146 usu
1047 2111 1174 2156 expolito
1188 2134 1197 2149 ³
1220 2110 1304 2143 fimul

1102 2158 1128 2186 T
