1638 2345
222 163 313 192 Am.

226 211 314 246 ¹⁶93·

339 117 398 154 296
639 110 826 141 REGIAE
860 109 1279 148 S-CIENTIARUAM

383 158 442 188 vas
457 153 560 186 deinde
579 154 717 184 machinae
731 151 880 183 admotum
895 151 1006 184 tamdiu
1028 152 1066 182 cst
1080 156 1258 186 exinanitum
1271 183 1280 195 ‚
1299 158 1369 189 dum
1385 170 1457 201 aqua
1478 160 1560 191 iden-

335 199 426 232 tidem
443 195 564 231 succuffa
582 197 690 227 nullarn
706 194 831 240 amplius
845 195 975 239 spumam
988 198 1140 228 emitteret.
1155 200 1190 229 In
1204 209 1238 230 co
1256 199 1326 232 statu
1342 202 1498 245 diutissime
1515 216 1562 235 vas

335 244 475 288 perstitit,-
494 241 540 273 secl
562 239 672 283 guttula
691 240 764 271 ae'ris
784 238 927 271 summam
947 239 1009 272 tubi
1032 251 1142 283 partem
1164 241 1272 285 semper
1292 243 1457 285 obtinebat,
1474 258 1562 290 eaque

334 288 460 319 detracti
476 309 484 321 ,
501 285 556 315 alia
571 282 689 313 subinde
715 285 745 313 in
771 282 850 314 illius
874 282 984 314 subibat
1008 282 1128 315 locum:
1151 285 1260 316 tametsi
1285 286 1370 318 nullae
1394 288 1511 321 bullula:
1528 302 1562 322 ex

334 342 405 375 aqua
426 337 604 371 erumpentes
620 325 736 370 prodire
752 325 816 357 visae
835 325 889 358 sint
903 340 909 358 :
933 325 1006 357 adeo
1019 336 1098 358 erant
1112 331 1227 359 minutae
1245 332 1275 361 δε
1298 330 1472 363 insensibiles
1484 355 1492 367 ,
1508 345 1563 366 ex:-

334 385 390 416 que
409 371 504 403 minsis
527 370 563 401 ab
579 381 651 413 aqua
668 381 837 413 premuntur
859 381 917 413 quo
934 369 996 401 sunt
1012 372 1190 404 minutiores.
1213 372 1324 404 Eodem
1338 374 1383 404 die
1407 376 1445 405 D.
1465 376 1562 408 Hom.

335 417 404 459 berg
428 415 550 459 globum
573 416 694 445 vitreum
717 417 795 454 cujus
817 412 956 446 diameter
983 414 1021 444 est
1047 425 1082 444 zo
1101 414 1260 457 pollicum,
1288 415 1392 448 bilanci
1416 419 1562 462 appendit.

336 462 425 490 Hunc
448 471 459 497 3
480 461 590 496 unciis,
614 469 625 496 3
650 455 793 489 drachmis
815 461 835 506 ᾗ
862 460 1022 501 graviorem
1043 460 1173 493 invenit,
1194 458 1280 501 quam
1302 460 1350 491 ubi
1373 461 1410 492 cst
1428 466 1493 492 a‘e‘re
1515 475 1564 494 va.

334 515 414 535 cuns,
431 503 543 534 Globus
567 502 614 534 seu
626 505 765 547 recipiens
783 508 913 537 continet
933 503 1006 534 duos
1030 503 1116 547 pedes
1131 505 1250 538 cubices
1269 519 1348 551 aqua:
1366 511 1396 539 δε
1410 512 1448 551 {3
1466 522 1474 541 :
1491 510 1562 542 adeo

334 561 365 582 ut
385 561 432 594 pes
451 550 566 581 cubicus
591 552 664 580 a'e'ris
687 554 737 582 uni
756 555 846 584 unciae
871 554 901 582 δε
919 553 955 591 48
977 553 1072 593 grauis
1088 553 1310 596 atquiponderet.
1336 558 1446 587 Verum
1468 557 1496 587 id
1508 570 1564 602 po-

334 594 389 624 stea
414 593 619 626 animadvertit
644 593 784 626 inclusum
808 595 897 639 globo
926 597 991 624 a'e'ra
1012 606 1083 638 pene
1105 595 1195 627 altero
1218 608 1295 629 tanto
1323 602 1484 640 graviorem
1509 602 1563 632 cIIe

335 638 430 668 hieme
450 649 514 669 cum
537 637 626 679 frigus
645 637 683 667 est
705 642 873 670 acerrimum
887 665 895 678 ‚
915 637 1001 681 quam
1017 638 1106 669 :estate
1128 642 1158 670 in
1181 651 1285 684 magno
1310 642 1394 674 aestu:
1408 655 1473 675 cum
1501 644 1564 676 hie·

336 691 383 711 me
407 680 474 724 gelu
495 681 614 712 solvitur
635 702 644 715 ‚
679 684 710 711 ὃ(
733 682 836 715 :edium
861 685 980 726 parietes
1011 681 1170 719 exsudant,
1187 695 1248 715 tum
1274 688 1322 716 a‘c'r
1344 684 1430 730 longe
1447 691 1563 731 gravior

336 724 375 755 est
396 727 424 754 in
444 724 534 767 globo
555 735 620 754 anre
637 724 783 758 exhausto.

377 770 402 798 V
414 770 425 798 I
439 771 460 799 1.
486 771 635 813 Qantum
651 780 730 810 aqua:
743 770 846 813 pluviat
862 768 977 812 singulis
997 769 1139 802 mensibus
1156 771 1171 802 ὲ
1184 772 1262 803 coelo
1285 770 1430 804 decideret
1444 773 1485 805 D.
1513 776 1562 806 De

337 809 362 841 la
389 813 463 841 Hire
482 814 539 853 jam
561 811 595 842 ab
610 811 721 854 aliquot
737 817 821 844 annis
841 813 1048 844 observaverat.
1073 814 1168 846 Pelvis
1190 816 1325 860 quadrata
1346 819 1425 858 cujus
1442 818 1471 850 su
1492 818 1563 850 erfi...

336 857 391 885 cies
410 857 440 884 in
459 866 478 892 4
494 855 581 898 pedes
600 865 675 897 patet
688 878 697 890 ‚
722 859 751 887 in
766 856 876 887 summa
895 860 978 887 turris
1002 856 1203 890 Observatorii
1219 871 1297 902 parte
1325 863 1363 890 ita
1378 861 1417 891 est
1436 873 1471 893 co
1486 862 1562 894 loca-

336 907 382 933 ta,
406 908 437 927 ut
462 897 588 939 pluviam
611 901 640 928 δέ
667 901 763 929 nivem
788 903 928 942 exciperet
942 910 959 938 ,⁷
975 902 1005 930 ἃ
1023 902 1051 930 in
1071 913 1122 932 vas
1134 901 1295 944 subje&um
1311 901 1394 934 brevi
1408 906 1470 947 post
1492 917 1562 937 tem-

336 951 405 982 pore
415 939 568 971 decideret.
585 939 729 972 Tabulam
750 946 912 986 pertexuit,
932 945 961 973 in
985 954 1040 985 qua
1054 944 1158 987 pluviat
1183 945 1310 977 deciduae
1326 956 1388 976 toto
1408 948 1563 990 quadrien-

336 985 388 1013 nio
415 986 556 1026 quantitas
580 983 721 1015 indicatur
741 1008 750 1021 ‚
778 997 865 1029 eaque
882 988 912 1016 in
937 986 1018 1016 Astis
1040 986 1142 1019 menfis
1159 988 1301 1020 Februarii
1323 988 1466 1034 descripta
1487 993 1537 1023 est.

376 1028 486 1057 VIII.
513 1029 601 1058 Anno
626 1030 697 1065 1689
720 1040 792 1071 aqua
815 1040 886 1073 pene
901 1029 936 1060 ad
959 1041 988 1067 ¹9
1011 1029 1150 1072 pollicum
1177 1032 1360 1064 altitudinem
1383 1045 1564 1076 pervenerat.

335 1069 523 1106 Ann01690
547 1071 582 1101 ad
610 1075 682 1120 ηὲ,
704 1084 779 1103 anno
806 1079 880 1110 1691
909 1072 943 1104 ad
967 1078 1048 1118 μὲ,
1068 1086 1143 1106 anno
1164 1083 1238 1112 1692
1257 1077 1292 1108 ad
1316 1081 1376 1121 22}
1393 1077 1479 1126 usque
1497 1080 1563 1123 pol-

336 1114 404 1145 lices
424 1120 541 1148 minutis
564 1118 751 1150 fluctionibus
769 1120 904 1162 negletstis
925 1122 1061 1164 perdusta
1074 1123 1121 1154 est.
1138 1123 1288 1167 Nusquam
1312 1130 1402 1169 major
1418 1129 1501 1169 copia
1515 1127 1563 1158 de-

335 1159 405 1189 cidit
431 1159 518 1201 qnarn
541 1162 636 1192 mense
655 1163 736 1206 Julio
757 1165 825 1194 anni
849 1168 933 1200 1689.
960 1167 1039 1197 Narn
1059 1166 1131 1198 ultra
1159 1179 1192 1209 5¹
1221 1168 1307 1199 lineas
1330 1169 1463 1200 ascendit.
1484 1170 1563 1201 Illud

334 1212 450 1246 quoque
474 1206 595 1236 intuenti
615 1205 762 1249 apparebit
782 1210 863 1237 annis
875 1207 978 1251 pluviis
992 1232 1000 1245 ,
1019 1210 1179 1252 cujusmodi
1200 1211 1277 1242 fuere
1296 1216 1362 1243 anni
1381 1219 1456 1250 1690
1475 1217 1505 1245 δέ
1523 1225 1561 1254 97.

334 1246 496 1277 vindemias
512 1259 563 1278 nec
585 1248 704 1285 uberes,
727 1261 778 1280 nee
792 1262 914 1282 maturas
925 1253 1076 1285 exstitisse:
1098 1265 1198 1286 contra
1215 1258 1311 1287 evenit
1331 1261 1494 1296 ann01691
1511 1261 1562 1301 qui

334 1286 433 1320 ficcior
453 1289 514 1322 fuit.

368 1334 401 1361 In
423 1332 526 1363 eodem
538 1344 708 1376 argumento
726 1334 868 1367 versatum
883 1336 936 1368 effe
953 1340 992 1372 D.
1013 1339 1143 1370 Sedileau
1163 1342 1219 1380 jam
1234 1341 1314 1385 supra
1327 1345 1493 1379 innuimus,
1510 1347 1561 1386 qui

334 1374 452 1415 quidem
470 1387 503 1405 ex
527 1378 562 1405 iis
583 1375 833 1410 observationibus
853 1390 919 1410 eum
944 1380 1068 1413 fruerum
1113 1387 1235 1426 ercipere
1256 1385 1392 1424 volebat,
1415 1398 1446 1417 ut:
1463 1386 1482 1417 si
1498 1386 1561 1419 fieri

333 1416 422 1458 posset
441 1441 450 1454 ‚
479 1417 634 1449 fluviorum
655 1422 761 1462 origini
782 1422 915 1454 nonnihil
938 1425 1070 1457 afferrent
1089 1394 1168 1457 limis.
1193 1428 1283 1469 Qod
1304 1431 1333 1459 in
1357 1432 1438 1460 Astis
1459 1430 1561 1462 mensis

335 1462 409 1491 Maii
431 1462 548 1504 copitse
570 1465 599 1492 &
625 1462 752 1494 accurate
772 1465 945 1509 explicatum
968 1469 1122 1505 habemus,
1139 1481 1200 1512 quae
1227 1471 1372 1504 consulere
1385 1483 1480 1516 operae
1497 1486 1562 1516 prc-

335 1507 405 1534 rium
423 1504 517 1537 fuerit.
540 1504 650 1537 verum
673 1506 728 1537 hoc
751 1519 828 1539 anno
852 1513 881 1541 ὃς
908 1512 1003 1543 mense
1029 1515 1113 1544 Maio
1130 1539 1138 1550 ‚
1166 1513 1184 1545 fi
1213 1514 1285 1546 bene
1307 1520 1427 1548 memini
1454 1542 1462 1555 ‚
1483 1529 1560 1548 mors

334 1549 487 1579 immatura
509 1551 604 1580 virum
629 1553 766 1582 eximium
789 1554 818 1582 in
840 1553 902 1596 ipso
923 1559 1009 1586 aetaris
1029 1555 1100 1587 flore
1123 1556 1248 1590 sustulit:
1269 1570 1326 1590 erar
1343 1559 1501 1591 acuriffimo
1515 1563 1562 1591 in-

333 1593 418 1630 genio
435 1617 444 1628 ,
464 1603 523 1622 non
541 1593 754 1625 Mathematicis
773 1595 862 1627 modo
883 1597 1040 1642 disciplinis
1054 1622 1063 1635 ,
1082 1600 1128 1631 secl
1156 1605 1186 1632 δε
1205 1605 1313 1633 caeteris
1332 1603 1436 1635 artibus
1455 1606 1486 1635 &
1504 1604 1560 1634 hu-

336 1633 511 1665 manioribus
535 1638 678 1679 imprimis
699 1637 799 1669 litteris
813 1639 949 1672 erudirus.
966 1643 1172 1674 Astronomicis
1185 1645 1300 1687 quidem
1313 1646 1560 1678 observationibus

335 1678 456 1708 intentus
471 1681 523 1712 ,&
541 1679 616 1711 illius
638 1679 757 1712 scientiae
771 1682 862 1714 studio
875 1687 1004 1716 incensus
1027 1685 1148 1730 reliquas
1172 1688 1337 1720 Matheseos
1363 1692 1448 1732 partis
1473 1692 1558 1722 etiam

338 1718 445 1750 abditas
466 1725 555 1765 magis
583 1727 612 1754 ὃ(
636 1726 794 1756 reconditas
817 1726 852 1757 fic
874 1727 983 1765 coluit,
1005 1741 1035 1760 ut
1070 1734 1101 1761 in
1123 1733 1155 1761 iis
1181 1731 1239 1762 fere
1262 1732 1394 1764 omnibus
1417 1744 1452 1764 ex
1478 1745 1559 1777 :equo

337 1763 508 1796 excelleret:
534 1765 606 1797 febri
627 1766 752 1810 maligna
774 1772 915 1803 extinctus
933 1773 981 1804 est.

383 1805 461 1837 Illud
476 1812 503 1838 in
518 1810 680 1841 universum
695 1837 704 1847 ‚
722 1823 752 1842 ut
770 1816 830 1843 veri
850 1818 1014 1858 proximum
1029 1817 1107 1848 statui
1129 1819 1219 1860 potest
1237 1830 1321 1860 aquas
1344 1819 1454 1862 pluvias
1469 1818 1559 1851 fonti-

335 1848 387 1880 bus
407 1853 437 1880 &
455 1849 551 1882 fluviis
570 1864 674 1895 aquam
696 1854 883 1899 suppeditare.
908 1860 947 1889 Ex
971 1872 1028 1903 quo
1053 1859 1172 1892 efficitur
1188 1873 1297 1893 tannim
1320 1875 1399 1905 aqua:
1416 1862 1557 1899 exhalare,

334 1903 470 1935 quantum
491 1898 519 1925 in
537 1906 615 1926 mare
631 1896 768 1929 illabitur.
786 1901 867 1931 Nam
895 1901 914 1932 si
932 1906 1024 1933 minus
1048 1915 1126 1947 aquae
1152 1908 1180 1935 in
1203 1917 1320 1948 vapores
1347 1906 1458 1943 abiret,
1481 1918 1556 1938 mare

332 1936 523 1969 indesinenter
537 1949 684 1981 augeretur
698 1962 707 1974 ‚
727 1953 758 1971 ac
777 1943 893 1976 tandem
911 1956 1010 1977 terram
1030 1948 1178 1978 inundaret
1195 1963 1203 1986 3
1219 1948 1236 1978 si
1254 1949 1314 1990 plns
1329 1961 1406 1993 aquce
1419 1954 1448 1981 in
1467 1961 1553 1993 vapo-

333 1990 375 2010 res
395 1980 501 2017 abiret,
521 1993 599 2012 mare
623 1982 758 2026 paulatim
776 1984 1001 2025 detumesceret,
1027 1994 1057 2020 δέ
1082 1991 1195 2021 tandem
1219 1992 1410 2024 exliccaretur.
1425 1996 1471 2025 Sic
1483 2003 1554 2023 con-

333 2026 411 2054 tinua
438 2028 467 2056 ὅ(
492 2029 609 2069 perenni
632 2027 816 2059 circulatione
840 2031 938 2061 eadem
959 2045 1038 2075 aquae
1052 2037 1191 2075 quantitas
1207 2047 1269 2078 qnae
1289 2036 1303 2065 ὲ
1323 2041 1392 2067 mari
1414 2040 1442 2067 in
1463 2047 1554 2078 vapo-

333 2077 375 2096 res
393 2067 499 2099 sublata
520 2072 548 2100 in
572 2069 698 2113 pluviam
720 2071 776 2102 abit
790 2095 798 2107 ‚
817 2075 846 2102 in
867 2085 943 2105 mare
963 2077 1063 2106 itidem
1084 2077 1241 2109 revolvitur
1264 2093 1270 2110 ι
1299 2091 1346 2110 aut
1367 2078 1550 2114 immediate,

333 2119 397 2140 curn
417 2114 445 2142 in
464 2123 540 2143 mare
559 2112 651 2157 ipsum
667 2114 822 2156 relabitur,
845 2128 890 2148 aut
915 2119 1036 2151 mediare
1057 2132 1105 2163 per
1122 2120 1238 2152 flumina
1256 2123 1291 2153 εὸ
1307 2121 1433 2154 infertur.
1455 2123 1551 2165 Atque

1518 2176 1548 2197 tn
