1638 2345
202 179 292 210 ANN.

202 228 285 260 1691.

325 138 387 168 274
607 127 779 160 REGIAE
839 125 1228 163 SCIENTIARUM

324 171 421 214 preii’ae
439 182 470 204 ut
491 181 609 216 operam
630 173 756 203 nostram
777 173 897 202 minime
914 170 1080 205 desiderent.
1109 175 1207 217 Hujus
1230 177 1340 219 generis
1363 187 1401 208 eae
1422 176 1559 224 suntquae

326 217 369 249 D.
384 216 516 248 Sedileau
534 218 608 247 circa
627 215 730 258 pluviae
744 225 807 257 qua:
823 226 882 246 uno
894 225 1009 258 quoquc
1027 228 1104 248 anno
1119 217 1228 250 decidit
1252 222 1437 261 quantitatem
1463 222 1560 256 obser-

322 263 409 292 vavit.
435 262 505 291 Eam
526 261 646 291 Lutetiae
661 257 778 301 singulis
795 270 884 302 prope
905 261 985 289 annis
1005 260 1041 292 ad
1062 273 1093 300 19
1114 261 1255 306 pollicum
1270 262 1450 296 altitudinem
1464 266 1560 299 efferri

320 306 470 347 comperit.
504 306 584 334 Intra
605 313 645 340 ²4
669 302 807 335 horarum
832 301 954 347 spatium
974 313 1035 335 non
1059 306 1133 338 ultra
1153 317 1186 338 ιι.
1208 318 1256 338 aut
1282 318 1310 347 ¹3
1337 305 1426 339 lineas
1444 309 1503 341 visa
1521 311 1561 343 cst

319 346 477 379 ascendere.

362 394 497 421 Vertente
515 402 591 421 anno
608 390 644 421 ad
664 403 696 432 32
715 391 803 434 usque
828 391 986 434 digitorum
1007 392 1188 425 altitudinem
1210 396 1242 425 in
1259 406 1378 439 vapores
1395 395 1499 428 difflari
1514 398 1560 429 so-

318 433 355 464 let
377 446 384 467 3
405 437 498 475 major
526 433 558 465 fit
587 431 647 476 ejus
671 434 805 466 resolutio
829 438 858 465 in
881 437 1092 478 angustioribus
1114 437 1183 468 vasis
1208 449 1296 480 quam
1322 442 1350 469 in
1372 440 1561 482 amplioribus

316 488 380 506 cum
397 480 497 508 omnia
521 478 583 509 sunt
604 477 761 521 utrobique
788 481 865 521 paria
891 492 899 513 ·,
924 483 1048 511 maxima
1067 479 1119 511 fuit
1137 482 1279 513 exhalatio
1299 485 1374 514 intra
1394 487 1478 515 unius
1501 486 1559 516 diei

318 520 436 560 spatium
463 533 476 561 3
505 520 644 552 linearum
666 533 733 553 cum
753 521 862 552 semisse
880 542 887 556 ,
906 533 972 553 cuni
987 522 1082 553 mense
1106 525 1195 566 junio
1211 525 1289 556 calor
1312 524 1379 557 esset
1395 532 1560 560 acerrimus,

316 563 425 593 Sereno
447 568 478 595 &
501 565 599 607 ,gelido
618 565 697 596 coelo
729 564 914 608 sesqui-linea
938 566 992 597 fuit
1010 569 1162 598 imminuta
1186 571 1260 600 intra
1282 580 1321 611 24
1343 571 1426 600 horas
1452 584 1459 602 ε
1487 571 1561 602 adtc')

315 617 344 636 iit
360 607 475 638 tandem
492 619 563 651 pene
576 612 672 639 omnis
686 620 732 639 aut
748 612 842 639 calore
857 620 935 641 teriae
951 613 979 641 ὃ(
996 609 1150 642 inseiifibili
1164 612 1343 644 exhalatione
1357 611 1494 646 diffletur.

365 652 390 678 V
404 653 450 680 11.
478 653 559 682 Hinc
579 651 670 682 multa
688 663 824 684 eruuntur
835 655 908 685 circa
923 651 1047 685 fontium
1062 657 1205 696 originem
1224 659 1252 687 &
1277 655 1431 688 fluminum
1445 656 1558 701 lapsus,·

317 695 390 724 circa
414 706 555 738 vaporum
576 698 624 736 qui
644 695 659 725 ὲ
679 699 749 727 mari
766 695 923 727 efferuntur
951 700 981 728 &
1008 700 1037 728 in
1058 697 1186 742 pluviam
1206 699 1388 731 concrescunt
1405 722 1414 735 ,
1428 704 1557 744 copiam,

315 748 377 779 qua:
400 739 429 767 in
445 742 609 770 memoratis
626 740 696 770 nelis
713 743 744 770 δε
762 741 792 770 in
809 742 842 769 iis
863 742 987 771 maxime
1000 752 1063 784 qua:
1085 740 1134 771 dic
1151 753 1180 781 3¹
1211 743 1285 774 Maii
1309 745 1376 773 anni
1395 750 1469 784 1693
1493 746 1559 776 data

316 784 379 811 iunt
393 804 401 816 ,
423 784 539 825 copiose
554 781 742 824 explicantur.
769 785 837 824 Qa
853 783 1001 814 Methodo
1013 806 1021 819 ‚
1043 796 1136 828 quave
1150 788 1260 817 ratione
1273 786 1336 818 usus
1353 785 1437 818 fuerit
1453 790 1493 819 D.
1508 791 1560 819 Se-

315 822 408 856 dileau
423 827 452 855 in
468 827 503 856 iis
515 825 651 858 omnibus
670 825 852 869 explorandis
864 849 873 862 ‚
886 827 948 858 aista
960 827 1063 859 mcnfis
1080 827 1225 860 Februarii
1243 833 1312 861 anni
1334 836 1414 870 169²
1432 830 1561 863 dilucide

316 878 476 908 exponunt.

358 913 466 942 V111.
504 912 581 942 Ciim
597 913 705 955 aliquot
727 912 825 943 ferrcae
850 913 989 956 rubiginis
1004 914 1088 945 frusta
1109 917 1231 948 Carnuti
1252 919 1281 946 in
1302 916 1449 959 cujusdam
1471 921 1559 950 turris

315 955 398 983 ruina
427 966 536 998 reperta
554 955 641 986 effent
660 960 689 986 in
710 957 877 998 Magnetem
901 958 1037 988 conversa
1054 980 1063 993 ,
1087 970 1149 1001 quat
1171 960 1206 991 ad
1224 962 1262 991 D.
1279 961 1326 990 De
1346 960 1372 991 la
1394 963 1471 992 Hire
1496 962 1560 994 sunt

317 995 397 1027 niiffa
422 1010 428 1027 ε
457 1001 530 1028 circa
551 1001 610 1028 vim
634 1002 823 1041 magneticarn
839 999 874 1029 ab
898 1011 929 1030 ea
944 1001 1075 1042 rubigine
1098 1005 1278 1033 commestam
1294 1006 1474 1046 conjecturas
1500 1005 1560 1036 suas

315 1039 465 1082 proposuit
478 1064 488 1076 ,
507 1053 568 1084 qua:
588 1046 617 1072 in
637 1042 731 1073 lucern
748 1053 809 1072 turn
828 1042 970 1084 prodiere.
998 1044 1094 1075 Multa
1108 1057 1223 1088 quoque
1235 1046 1251 1076 a
1268 1047 1300 1078 P.
1317 1048 1349 1077 P.
1368 1050 1512 1090 fontenay
1528 1053 1561 1081 δε

314 1083 449 1114 Riciiaud
474 1087 548 1115 cirea
575 1085 799 1117 declinationem
821 1087 967 1128 Magnetis
989 1090 1020 1118 &
1040 1091 1099 1130 ejus
1124 1093 1290 1121 varietatem
1315 1089 1376 1121 sunt
1396 1090 1560 1123 observata.

315 1130 356 1157 Ex
376 1126 478 1168 quibus
499 1127 631 1172 suspicari
648 1129 713 1160 licet
738 1129 811 1159 lianc
829 1128 864 1159 ab
877 1130 1031 1161 universali
1053 1131 1132 1163 causa
1153 1136 1244 1168 oriri,
1261 1144 1323 1175 quae
1341 1144 1406 1164 cum
1425 1133 1560 1177 analogia

313 1172 438 1211 quadam
460 1170 568 1213 ubique
592 1175 654 1203 vim
674 1172 750 1202 suam
771 1183 922 1207 exereret,
951 1174 1000 1205 nisi
1021 1176 1108 1206 causae
1129 1176 1312 1220 particulares
1326 1176 1536 1210 intercederent
1550 1192 1559 1210 ε

315 1224 380 1243 imni
402 1214 438 1246 ab
452 1225 528 1245 anno
547 1219 617 1248 1686
640 1216 675 1248 ad
695 1227 804 1247 annum
825 1219 895 1247 1688
921 1218 1039 1249 Luteriae
1066 1222 1095 1249 διζ
1125 1222 1217 1251 Siami
1229 1231 1276 1250 aut
1295 1222 1389 1263 potius
1402 1222 1432 1251 in
1450 1221 1560 1264 oppido

314 1258 410 1286 Lon-ao
435 1259 534 1288 eadem
553 1271 623 1300 pene
643 1262 752 1290 ratione
764 1259 802 1288 est
822 1260 985 1292 imminuta.
1012 1262 1218 1305 D.Varign0n
1241 1264 1300 1293 suas
1318 1263 1352 1293 dc
1366 1263 1470 1294 duritie
1487 1276 1560 1295 con-

311 1302 432 1340 j-*ciuras
451 1305 599 1343 proposuit
618 1314 680 1344 quae
707 1305 736 1332 in
764 1302 845 1332 Aeris
863 1304 931 1332 anni
953 1308 1026 1342 1692
1048 1309 1232 1337 continentur
1259 1306 1306 1336 dic
1335 1318 1368 1343 14
1387 1306 1556 1340 Februarii:

314 1344 355 1372 l).
373 1344 485 1373 Dotlart
501 1355 647 1385 gemmas,
670 1344 766 1387 quales
787 1355 847 1376 turn
862 1349 999 1388 temporis
1016 1346 1078 1377 sunt
1098 1350 1127 1377 in
1144 1349 1292 1379 arboribus
1309 1371 1317 1385 ,
1342 1348 1396 1379 suis
1415 1349 1559 1382 obductas

315 1385 472 1416 involucris
486 1386 576 1428 palam
589 1388 718 1419 exhibuit
732 1410 741 1423 ,
756 1388 864 1418 fruc-rus
877 1399 990 1430 quoque
1004 1389 1118 1425 attulit,
1134 1395 1183 1434 qui
1201 1404 1235 1422 ex
1253 1403 1307 1422 una
1321 1403 1400 1435 parte
1411 1392 1484 1423 mala
1496 1405 1560 1424 me-

312 1430 374 1459 disa
389 1452 398 1464 ‚
421 1441 453 1459 ex
475 1429 561 1460 altera
580 1443 657 1462 erant
679 1430 752 1461 mala
774 1442 866 1463 aurea.

351 1474 393 1502 Ι).
411 1474 457 1502 De
477 1472 503 1502 la
520 1475 592 1505 Hire
603 1474 795 1518 quorumdam
809 1473 954 1505 fructuum
969 1477 1020 1519 qui
1036 1474 1144 1507 florum
1163 1488 1290 1520 expertes
1302 1478 1391 1521 vulgo
1405 1479 1558 1516 habentur,

313 1515 466 1546 ‹ielineatas
483 1516 604 1549 ostendit
627 1517 750 1561 figuras,
775 1522 805 1549 in
826 1517 930 1561 quibus
948 1518 1033 1549 flores
1055 1520 1192 1552 omnibus
1205 1521 1261 1552 suis
1278 1523 1406 1565 partibus
1429 1524 1557 1555 instructi

313 1560 536 1602 conspiciuntur.

744 1695 775 1730 C
800 1695 833 1730 A
858 1695 883 1731 P
904 1697 943 1734 U
967 1696 1002 1731 T
1075 1697 1091 1731 I
1109 1698 1139 1733 Ι.

375 1784 425 1812 Dc
446 1781 488 1813 iis
512 1792 575 1828 qus
601 1780 646 1815 ad
664 1783 869 1817 Anatomiam
890 1781 929 1822 ό·
949 1781 1106 1830 historiam
1129 1783 1331 1818 Animalium
1343 1783 1507 1835 spetlum

312 1866 336 1897 1.
454 1867 513 1897 Irca
538 1867 685 1897 historiam
702 1868 881 1900 Animalium
910 1872 941 1900 δε
955 1871 1120 1900 Anatomen
1145 1869 1294 1914 complura
1314 1873 1342 1901 in
1360 1872 1517 1904 Academia
1539 1872 1556 1903 Ξ

368 1869 438 1944 C
454 1913 494 1941 D.
509 1911 552 1940 D.
573 1911 624 1940 Du
636 1914 751 1952 Verney
777 1916 807 1943 &
828 1915 914 1954 Mery
930 1912 991 1943 sunt
1013 1913 1210 1945 animadversa
1226 1936 1235 1949 ,
1258 1926 1345 1957 eaque
1364 1915 1555 1960 speculatione

311 1952 407 1995 digna.
434 1955 493 1984 Hic
513 1965 605 1997 partes
625 1958 800 1997 generationi
815 1955 964 1987 destinatas
981 1959 1013 1987 in
1027 1956 1140 1988 histrice
1163 1958 1284 1989 foemina
1297 1981 1307 1994 ,
1330 1956 1416 1990 fibras
1440 1960 1554 1991 cutanci

311 1996 429 2027 musculi
447 2002 477 2029 &
495 1998 660 2028 aculeorum
680 2001 817 2030 motriccs
833 2011 910 2030 novo
931 2001 1055 2031 examini
1077 1999 1206 2040 subjecit.

365 2042 412 2072 Sic
436 2042 476 2073 D.
492 2044 542 2073 Du
557 2045 671 2083 Verncy
688 2045 717 2072 in
737 2042 893 2073 struthione
910 2043 1009 2074 eadem
1030 2042 1156 2075 discuffit
1177 2056 1282 2088 organa
1301 2056 1363 2087 quae
1381 2046 1552 2090 procreatio-

310 2086 341 2114 ni
356 2083 478 2116 serviunt
494 2111 502 2121 ,
527 2096 613 2128 eaque
631 2085 786 2116 delineavit
803 2087 843 2116 D.
865 2087 912 2116 Dc
930 2086 955 2117 la
979 2088 1055 2117 Hire
1069 2110 1078 2122 ‚
1100 2088 1269 2119 structuram
1292 2089 1367 2120 oculi
1387 2111 1396 2124 ,
1417 2087 1550 2119 troclileae

311 2130 341 2157 δε
363 2125 481 2161 funiculi
494 2139 556 2172 qua:
567 2128 633 2161 velo
655 2128 838 2162 subducendo
859 2140 921 2162 ante
933 2142 1067 2163 corneam
1088 2132 1265 2168 inserviunt,
1285 2131 1436 2165 artificium
1455 2131 1552 2170 osten-¹
