1638 2345
298 139 312 158 2
609 120 794 155 REOEAE
830 117 1239 150 *SCIENTIARUM

187 180 277 209 ΑΝΝ,
336 168 444 200 Nostra
465 167 583 210 quidem
607 168 659 198 hac
681 176 761 197 :etate
773 167 805 195 in
821 162 938 197 Gallia,
962 161 1063 197 Italia,
1090 161 1195 203 Anglia
1218 163 1248 190 &
1275 160 1430 189 Gcrmmia‘
1443 168 1527 188 eom-

185 225 269 252 1666.
295 212 389 257 plures
402 211 570 255 prodierunt
585 209 768 244 Academiae,
791 217 849 237 non
862 216 896 236 ex
917 204 1052 235 omnibus
1069 203 1249 247 premiscue,
1266 201 1311 233 sed
1323 213 1356 232 ex
1368 202 1482 232 tiu-luis
1496 205 1528 232 δε

204 260 206 263 ’
297 256 415 288 delectis
439 257 508 285 vitis
525 252 658 286 conflatae
670 278 679 288 ,
701 262 764 294 quae
783 248 1001 281 humanioribus
1019 247 1138 281 litteris,
1159 250 1188 277 ἔχ’
1215 244 1358 287 exquisiti«
1372 244 1530 285 «listip'ims

300 298 494 343 perpoliendis
512 307 617 339 magno
640 296 753 326 fuerunt
777 292 954 334 adjumento.
971 291 1027 321 Sed
1043 292 1098 320 hoc
1117 301 1206 321 unum
1224 288 1360 331 plcriiiiuc
1377 288 1486 321 detuit,
1501 296 1531 316 ur

303 344 435 386 suprema
452 342 620 371 auetoritate
644 343 675 370 ὃ(
698 338 866 378 Principum
886 333 1054 365 liberalitate
1077 336 1262 363 tritinircnrtn.

343 388 507 427 Utrumque
524 384 711 414 scientiarum
732 381 885 411 Academia
902 378 989 419 Regis
1005 374 1185 407 Invieiitlimi
1198 388 1215 405 r.
1228 372 1394 405 uitilictnai
1411 373 1448 402 cst
1461 382 1533 402 con-

303 428 405 460 secuta.
417 427 499 458 Nam
513 426 619 456 sancito
632 435 698 455 cum
716 423 857 466 Hispania
869 423 944 464 pacis
960 419 1068 450 toedeic
1085 419 1134 449 sibi
1149 418 1274 461 g'otiol‘o
1292 422 1321 448 &
1343 416 1460 447 subditis
1474 426 1534 458 pet-

302 472 386 507 utili,
409 472 473 501 Rex
495 465 750 499 Christianissimus
771 476 850 496 curas
871 474 971 494 omnes
991 466 1022 494 δε
1044 465 1232 505 cogitationts
1253 460 1310 490 suas
1327 460 1362 490 ad
1387 462 1464 502 regni
1483 458 1535 488 ad-

305 515 544 546 ministrationem
558 534 567 547 ‚
579 514 610 542 &
631 509 743 554 populis
765 509 819 538 suis
839 507 1003 538 felicitatem
1021 505 1227 548 procurandum
1245 506 1387 534 convertit
1402 513 1410 536 ·‚
1432 513 1463 532 ae
1477 505 1536 543 pri-

306 569 388 590 mum
401 555 511 588 morbis
530 553 666 584 omnibus
684 563 756 595 quos
767 562 851 594 grave
871 552 1094 592 diuturnumque
1111 547 1220 578 bellum
1237 550 1380 577 invexerat
1394 567 1404 580 ,
1425 545 1538 575 mederi

307 600 420 637 voluit,
443 610 504 629 tum
518 599 639 640 imperio
654 596 702 626 suo
725 605 768 626 tot
781 594 908 625 vistoriis
924 593 1007 622 aucto
1024 591 1181 622 litterarum
1201 594 1231 622 &
1251 590 1431 620 scientiarum
1445 587 1539 631 splcnq

308 644 413 675 dorem
434 641 556 683 adjicere
574 641 721 680 cogitavit.
760 640 763 643 *

351 687 420 716 Eam
437 696 525 725 porro
546 682 713 714 tutissimam
734 678 873 724 preclaris
894 679 999 710 artibus
1019 675 1378 721 promovendisattionem
1393 673 1453 704 fore
1467 672 1540 714 judi-

312 732 402 767 cavit,
429 728 448 759 si
474 728 645 758 Societatem
666 737 699 755 ex
715 725 807 755 doctis
822 727 851 754 ὅ(
877 723 984 754 Γυίιᾶίς
999 725 1067 752 viris
1087 730 1289 763 congregaret,
1313 721 1361 760 qui
1375 716 1485 748 collatis
1499 718 1540 746 in-

312 784 355 804 ter
374 771 400 803 se
421 770 520 803 studiis
536 774 567 802 &
589 771 714 801 inventis
734 765 828 798 mult&
854 769 976 806 majores
999 763 1155 808 progtellus
1183 761 1306 794 facerent
1326 783 1336 796 ‚
1366 759 1453 803 quam
1474 759 1494 791 fi
1511 762 1543 790 in

315 816 361 848 sua
382 818 499 857 quisque
518 824 577 844 arte
597 824 646 844 aut
669 811 783 842 seientia
807 811 928 840 scorium
951 808 1119 839 elaboraret.

357 861 444 890 Hanc
462 855 648 887 Academiam
665 867 723 886 non
744 853 856 885 tantum
871 864 904 882 eo
922 854 1038 882 nomine
1051 849 1151 881 utilem
1162 849 1223 881 fore
1243 848 1414 879 existimavit
1429 869 1439 882 ‚
1463 844 1543 888 quod

316 900 459 933 fructuosa
472 902 501 930 &
517 903 598 930 novis
608 901 732 930 inventis
745 896 820 928 ferax
832 895 925 925 futura
938 892 1003 925 essct
1014 916 1022 928 ‚
1037 893 1081 924 sed
1098 893 1143 924 vel
1157 905 1189 923 cx
1202 904 1236 923 eo
1249 890 1372 921 maxime
1385 912 1393 925 ‚
1413 889 1492 933 quod
1508 888 1546 920 ab

317 945 380 975 aliis
400 945 556 984 excogitata
566 965 576 978 ,
587 953 706 984 quaeque
721 952 754 971 ex
777 938 892 982 publico
911 937 961 968 usu
973 937 1026 967 css'c
1041 932 1154 979 poliunt
1165 959 1173 971 ‚
1187 933 1356 976 diligentius
1370 932 1543 976 expendens,

319 987 391 1018 illud
413 988 553 1028 imptimis
578 996 689 1016 caveret
708 1006 717 1019 ,
745 994 779 1013 ne
804 982 928 1025 sumptus
944 979 1057 1011 inutiles
1079 982 1108 1009 in
1130 978 1284 1022 probandis
1303 976 1479 1019 singulorum
1501 978 1546 1006 in-

320 1034 411 1062 ventis
425 1029 642 1060 insumere-ntur.
656 1029 736 1058 Nam
747 1025 815 1067 saepe
827 1021 1130 1065 evenitutingeniofos
1144 1023 1275 1052 homines
1286 1022 1460 1051 inventionis
1469 1017 1546 1050 calor

321 1074 447 1115 decipiat
462 1095 471 1108 ,
493 1083 611 1114 quaeque
629 1074 777 1100 incurrunt
787 1066 967 1098 difficultates
987 1077 1044 1096 non
1058 1068 1168 1096 intento
1180 1064 1242 1095 satis
1256 1066 1353 1094 animo
1368 1060 1547 1106 perspiciant.

323 1119 404 1155 Qiin
427 1118 511 1146 etiarn
527 1117 713 1156 cogitationes
737 1110 795 1141 suas
816 1109 960 1141 interdum
977 1120 1009 1139 ea
1031 1111 1089 1138 veri
1102 1108 1191 1151 specie
1213 1106 1250 1137 sic
1262 1105 1431 1140 obducunt,
1447 1115 1478 1135 ut
1491 1104 1549 1135 dif-

325 1157 489 1189 ficillimum
508 1156 539 1188 fit
562 1167 660 1186 vetum
676 1155 691 1184 ὲ
709 1153 780 1185 falso
804 1154 945 1183 secernere
959 1173 967 1186 ‚
986 1149 1036 1181 nisi
1052 1162 1113 1182 acre
1136 1154 1165 1182 δέ
1183 1149 1310 1181 severum
1324 1150 1492 1191 peritiorum
1509 1151 1549 1189 ju-

324 1202 433 1233 dicium
445 1200 592 1232 accefferit.
613 1198 667 1228 Sed
679 1197 729 1228 ubi
748 1208 809 1240 quae
833 1194 974 1239 proposita
991 1194 1077 1230 sunt,
1097 1205 1226 1224 accurato
1241 1191 1363 1234 subjttsta
1375 1190 1479 1221 fuerint
1490 1201 1552 1220 exar

326 1248 420 1279 mini,
436 1255 496 1274 tum
514 1243 549 1273 dc
564 1245 731 1272 execuzione
753 1239 810 1284 ipsa
823 1262 832 1273 ‚
848 1242 878 1270 δε
894 1239 929 1269 de
942 1238 1040 1268 eot'um
1053 1236 1103 1268 usu
1126 1236 1233 1267 facilius
1247 1238 1349 1279 poterit
1361 1233 1499 1275 judicatu
1520 1244 1553 1263 ac

326 1288 444 1319 demum
458 1284 600 1317 necessarii
620 1285 746 1327 sumptus
768 1287 801 1313 iis
815 1280 997 1325 perficiendis
1014 1283 1099 1311 tutius
1117 1279 1331 1323 suppeditantur
1345 1301 1354 1314 ‚
1373 1281 1421 1319 qui
1441 1288 1498 1306 non
1512 1288 1554 1307 ra-

326 1343 361 1363 ro
384 1334 505 1369 majores
521 1329 583 1360 sunt
600 1327 686 1370 quam
701 1329 877 1370 privatorum
896 1327 969 1355 vires
988 1322 1060 1355 ferre
1078 1321 1193 1366 possint.
1209 1325 1303 1364 Atque
1322 1322 1376 1351 hoc
1391 1331 1555 1351 accuratum

329 1378 360 1405 δέ
380 1373 502 1415 diligens
521 1383 639 1402 examen
662 1371 716 1400 hoc
730 1368 826 1401 utilius
846 1367 972 1398 futurum
994 1367 1051 1402 est,
1071 1366 1150 1408 quod
1174 1367 1315 1396 Aueiores
1334 1362 1383 1406 ipsi
1396 1362 1555 1407 privilegiis

329 1415 381 1448 fibi
405 1413 541 1446 conceffis
560 1414 726 1457 plerumque
745 1412 894 1442 abutantur
914 1433 922 1445 ‚
953 1410 1023 1441 dum
1043 1409 1112 1440 alios
1134 1408 1249 1440 subinde
1268 1411 1296 1439 in
1317 1409 1477 1437 societatem
1495 1417 1556 1436 non

331 1459 388 1491 fine
407 1470 512 1501 magno
527 1468 712 1499 utrorumque
725 1455 834 1486 damno
849 1454 997 1484 inducunt.
1012 1453 1046 1483 Id
1066 1464 1178 1495 quoque
1195 1451 1284 1495 probe
1302 1461 1420 1482 noverat
1440 1451 1505 1481 Rex
1519 1447 1557 1480 sa-

331 1500 520 1546 pientiffimus
530 1512 589 1532 non
601 1500 688 1530 aliam
700 1500 854 1540 excogitari
870 1496 946 1540 polle
958 1495 1062 1526 artibus
1073 1499 1101 1526 &
1121 1494 1275 1538 disciplinis
1298 1492 1504 1538 promovendis
1518 1503 1558 1522 ra-

332 1549 441 1577 tionem
458 1548 546 1587 magis
563 1544 716 1578 idoneam,
734 1541 822 1584 quam
840 1540 860 1571 si
880 1550 1006 1570 veterum
1024 1543 1145 1582 cogitata
1165 1539 1365 1581 experimentis
1385 1559 1394 1571 ,
1425 1539 1455 1567 &
1480 1535 1559 1567 velut

333 1588 423 1620 oculis
446 1587 510 1631 ipsis
532 1586 736 1628 subjicerentur
748 1607 757 1621 ‚
774 1595 806 1614 ac
828 1582 946 1614 subinde
963 1585 1046 1613 novis
1069 1587 1097 1614 &
1112 1581 1230 1612 utilibus
1250 1583 1373 1611 inventis
1390 1602 1398 1614 ,
1418 1589 1480 1620 qux
1497 1579 1560 1610 sunt

335 1635 477 1662 acriorum
503 1631 723 1661 meditationum
742 1628 867 1662 fruetus,
883 1636 1070 1667 augerentur,
1088 1637 1149 1668 qux
1166 1626 1235 1654 ratio
1254 1635 1399 1666 nunquam
1425 1623 1560 1652 haetenus

337 1685 441 1706 tentata
454 1674 491 1704 est
506 1699 513 1708 ,
528 1685 564 1702 ne
582 1673 618 1702 ab
640 1675 675 1702 iis
702 1670 819 1714 quidem
842 1668 1022 1711 Principibus
1039 1691 1048 1704 ,
1069 1672 1119 1710 qui
1139 1669 1228 1698 bonas
1252 1678 1324 1697 artes
1345 1668 1448 1704 majori
1469 1665 1560 1695 studio

337 1717 496 1749 coluerunt.
512 1717 577 1746 Hoc
591 1715 695 1745 scilicet
709 1713 858 1746 Ludovico
879 1713 990 1754 Magno
1003 1712 1055 1743 fuit
1072 1709 1246 1755 propositum
1262 1736 1270 1749 ‚
1281 1709 1347 1740 cum
1366 1709 1400 1740 de
1417 1709 1561 1739 instituen-

336 1762 371 1792 da
394 1762 583 1791 Scientiarum
603 1758 759 1789 Academia
774 1758 953 1797 excogitavit.

370 1807 381 1835 1
395 1808 418 1835 1.
440 1802 549 1833 Placuit
563 1804 698 1832 nimirum
717 1797 957 1831 Christianissimo
970 1799 1044 1840 Regi
1063 1801 1121 1840 ejus
1139 1799 1177 1828 rci
1190 1818 1200 1832 ,
1215 1807 1301 1838 quam
1320 1805 1414 1826 mente
1427 1805 1564 1838 concepe-

338 1859 379 1879 rat
391 1871 400 1883 ‚
411 1857 495 1887 atque
509 1846 524 1877 ὲ
534 1843 647 1888 publica
660 1843 778 1874 utilitate
789 1843 913 1873 futuram
932 1841 1117 1882 judicaverat,
1130 1842 1325 1871 executionem
1338 1838 1427 1882 ipsam
1440 1837 1563 1868 illustris-

338 1891 411 1923 simo
432 1892 494 1920 viro
514 1891 552 1920 D.
573 1887 694 1918 Colbcrt
707 1885 887 1917 demandare.
910 1885 998 1915 Hunc
1011 1895 1074 1914 ante
1087 1883 1196 1926 aliquot
1216 1893 1304 1912 annos
1315 1884 1387 1912 inter
1407 1884 1564 1925 praecipuos

340 1936 422 1977 regni
441 1931 494 1963 suis
507 1931 685 1962 administros
707 1929 858 1972 selegerat,
878 1927 1008 1970 illiusque
1017 1930 1184 1958 acerrimum
1198 1925 1333 1967 judicium
1345 1948 1354 1960 ,
1367 1923 1455 1954 fidem
1473 1928 1503 1955 ὃ(
1519 1923 1566 1955 di-.

342 1977 491 2020 ligentiam
511 1972 709 2005 incredibilem
733 1976 763 2003 in
782 1971 1024 2003 administratione
1042 1971 1162 2007 Eram,
1190 1974 1219 2001 ὃ(
1239 1972 1267 1999 in
1286 1968 1426 2012 praeclaris
1449 1964 1564 2010 quibus·

343 2032 400 2062 que
425 2017 543 2063 publica:
556 2021 594 2048 rei
607 2015 771 2048 muneribus
786 2015 928 2058 persptCh
944 2013 1064 2045 habebat
1082 2017 1112 2045 ἃς
1132 2016 1253 2056 cognita.
1271 2014 1382 2055 Magno
1408 2014 1430 2042 is
1448 2021 1565 2052 quoque

347 2066 462 2095 Artium
485 2065 515 2093 &
536 2063 710 2093 scientiarum
729 2058 992 2103 promovendarum
1010 2057 1101 2088 studio
1122 2057 1238 2087 ardebat
1251 2078 1259 2091 ‚
1283 2058 1402 2087 omnino
1422 2052 1566 2098 persuasus

345 2118 389 2138 eas
402 2109 475 2151 inter
489 2108 630 2149 ptaecipua
651 2107 731 2148 regni
751 2113 919 2146 ornamenta
939 2105 969 2135 &
989 2101 1110 2146 publica:
1132 2101 1273 2133 felicitatis
1293 2100 1477 2144 instrumenta
1496 2107 1567 2133 cen-¹
