1638 2345
195 165 283 193 Am.

197 211 279 238 1668.

195 1197 286 1225 ANN.

196 1247 281 1277 1667.

308 130 343 156 34
587 117 773 147 REGIAE
818 117 1236 150 SCIENTIARUM

308 159 428 192 celebris
448 160 520 190 hnic
540 161 703 190 machinam
724 159 760 191 fic
775 159 914 203 perfecit,
931 172 961 191 ut
982 160 1046 192 usus
1071 160 1146 191 illius
1171 161 1257 204 longe
1278 160 1309 192 sit
1336 160 1456 192 facilior.
1491 164 1533 193 D.

310 203 463 246 Homberg
482 214 556 234 nunc
570 203 732 234 Academ³ae
754 203 844 234 socius
857 215 920 234 eam
936 204 1099 235 machinam
1112 227 1120 239 ‚
1134 215 1163 235 ut
1184 204 1199 234 Ξι
1218 206 1257 234 D.
1278 202 1387 235 Gerike
1408 204 1461 236 fuit
1481 218 1535 237 ex-

307 250 427 290 cogitata
439 270 448 282 ,
473 245 508 276 sic
529 245 688 277 absolutam
710 246 804 278 effecit
821 269 830 282 ‚
855 257 885 277 ut
902 250 998 278 omnis
1014 251 1124 290 generis
1138 250 1332 291 experimenta
1353 251 1382 278 in
1400 248 1450 279 illa
1470 248 1534 280 lon-

305 291 340 333 ge
358 291 521 334 perfeetiori
544 289 633 320 modo
657 288 737 321 fiant.
760 289 816 321 Sed
834 302 865 320 ea
885 290 920 321 de
944 302 973 321 re
995 292 1102 321 idoneo
1123 289 1188 321 loco
1205 290 1341 322 dicemus.

342 336 408 365 Nec
426 332 532 364 necesse
557 333 595 363 est
636 344 698 376 qux
730 332 804 364 faeta
835 332 897 363 sunt
919 336 948 363 in
971 333 1126 364 Academia
1149 337 1343 378 experimenta
1368 333 1534 377 singillatim

304 377 428 412 referre,
450 388 516 407 cum
536 387 568 405 ea
589 375 642 406 sint
661 387 737 407 nunc
754 379 892 419 temporis
918 388 1077 420 pervagata.
1100 379 1196 419 Hujus
1217 381 1328 420 generis
1347 376 1461 410 fuerunt
1488 379 1536 409 so-

304 423 334 451 ni
355 421 487 451 exhausto
503 422 568 449 :ii-‘re
591 421 728 450 extind'tio
744 442 754 455 ‚
783 419 892 463 spiritus
909 422 973 452 vini
994 418 1125 452 ebullitio
1137 443 1144 455 ,
1169 421 1322 452 vehemens
1337 424 1415 464 cupri
1433 424 1461 451 in
1476 421 1536 464 spi-

304 466 360 494 riru
380 467 447 495 nitri
470 462 531 506 post
554 464 711 493 exaustum
738 466 804 494 a'e'ra
823 462 968 495 dissolutio
991 467 1023 495 &
1047 463 1281 500 effervescentia,
1311 475 1372 507 qua-
1398 463 1535 497 subeunte

304 510 369 538 a'c're
391 507 476 549 longe
497 504 637 548 placidior
662 517 730 536 erat.

341 553 386 582 Ac
406 550 441 581 de
462 547 588 590 Physicis
606 551 806 591 experimentis
821 560 884 592 quae
903 551 970 579 anni
999 553 1087 589 1667.
1108 549 1244 585 decursu,
1270 554 1300 581 δε
1327 553 1441 581 ineunte
1459 561 1535 582 anno

306 597 387 625 1668.
412 592 498 635 usque
521 591 557 621 ad
583 591 716 621 paschale
739 603 849 635 tempus
874 592 935 622 sunt
951 592 1025 623 fasta
1047 593 1109 624 satis
1132 592 1221 624 multa
1239 593 1388 627 diximus,
1414 605 1488 625 nunc
1499 594 1536 625 de

306 637 522 668 Mathematicis
541 634 713 670 dicendum,
736 634 782 665 sed
796 637 899 674 majori
917 634 1066 667 brevitate.
1087 638 1166 667 Nam
1190 636 1341 679 complura
1362 648 1395 666 ex
1417 640 1449 667 iis
1472 647 1535 677 qut

305 691 365 711 tum
386 682 523 722 temporis
545 677 658 709 fuerunt
680 681 709 708 in
729 679 915 712 Geometria,
942 680 1122 709 Mechanicis
1143 682 1172 709 &
1194 680 1354 722 Dioptricis
1381 680 1534 723 proposita,

305 735 352 754 aut
375 721 483 766 publici
497 723 564 763 juris
579 719 652 751 fasta
670 720 731 751 sunt
747 747 754 756 ,
776 733 822 752 aut
844 724 873 751 in
883 721 1018 764 operibus
1031 723 1188 766 posthumis
1210 735 1271 765 quat
1299 724 1338 753 D.
1361 723 1444 754 Dela
1462 725 1536 754 Hire

306 765 415 796 summa
439 777 503 796 cura
522 769 551 796 &
574 765 665 795 studio
686 764 803 807 collegit
821 769 852 797 &
871 764 1026 807 expendit,
1042 777 1160 808 quaeque
1180 777 1255 796 anno
1270 771 1353 806 ¹⁶93·
1370 769 1463 809 Typis
1478 768 1537 799 Re-

305 812 359 851 giis
375 809 474 840 excusa
494 809 575 844 sunt,
594 818 696 850 magna
711 819 744 838 cx
766 819 842 850 patre
862 811 1056 839 continentur.

306 893 1536 959 ssffifflffissssffiffiffissssffifflfflffissffissss

557 993 805 1040 §Ec-ri
833 995 880 1039 o
930 993 1261 1056 TERTIA.

568 1100 630 1139 De
663 1095 905 1153 Astronomicis
942 1092 1272 1155 Observationibus.

309 1197 369 1272 E
393 1193 512 1235 Phyfica
528 1193 563 1224 ad
585 1193 742 1225 Mathtfim
761 1216 771 1228 ‚
789 1203 819 1223 ut
837 1191 872 1222 ad
891 1190 1086 1223 difficiliorem
1106 1193 1251 1225 scientiam
1270 1193 1489 1238 progredimur,
1506 1208 1537 1227 ac

386 1237 512 1280 primum
537 1248 600 1279 quae
620 1240 701 1268 annis
726 1243 813 1276 1667.
839 1239 869 1266 &
897 1238 979 1266 1668.
1003 1235 1109 1269 fuerint
1134 1237 1304 1274 observata,
1325 1249 1372 1269 aut
1396 1241 1536 1275 inventa,

307 1281 428 1312 stritstim
445 1283 626 1324 attingemus.

609 1397 874 1436 CAPUT
928 1398 1249 1437 PRIMUM.

431 1489 480 1520 De
498 1484 584 1520 rebus
615 1486 834 1534 Astronomicis
854 1495 917 1531 quae
941 1495 1024 1519 anno
1056 1488 1152 1532 1667.
1180 1485 1216 1519 in
1239 1486 1413 1522 Academia

536 1566 540 1572 .
786 1535 821 1571 a'i
837 1534 913 1581 cuffae
926 1534 1076 1582 fucrant.

309 1623 334 1652 1.
452 1624 512 1654 Um
537 1632 638 1653 omnes
654 1622 866 1653 Mathematicae
885 1621 1043 1664 disciplinae
1060 1621 1096 1652 ad
1114 1624 1178 1652 vitae
1195 1620 1303 1654 cultum
1317 1646 1326 1658 ,
1343 1626 1375 1654 δε
1393 1622 1428 1654 ad
1441 1634 1536 1655 earum

366 1626 435 1701 C
453 1677 548 1696 rerum
570 1664 672 1708 quibus
687 1677 803 1697 utuntur
817 1667 948 1696 homines
963 1687 972 1700 ‚
988 1663 1153 1696 facultatem
1169 1663 1221 1696 sint
1238 1666 1370 1709 perutiles
1381 1689 1390 1701 ,
1411 1677 1470 1697 tum
1486 1666 1536 1697 As-

306 1712 450 1740 tronomia
463 1720 535 1752 pene
554 1707 704 1740 necessaria
715 1712 825 1750 generis
839 1710 957 1740 humani
973 1707 1096 1739 societati
1111 1708 1218 1749 semper
1239 1709 1433 1750 fuitjudicata.
1452 1711 1537 1740 Hanc

307 1755 448 1794 imprimis
475 1750 623 1783 coluerunt
639 1753 774 1784 Ch-ildaei
785 1776 793 1789 ‚
810 1754 953 1795 AEgyptii,
972 1751 1079 1782 Arabes
1090 1774 1098 1787 ,
1120 1750 1209 1782 Pei-sm
1220 1775 1228 1788 ‚
1245 1764 1276 1783 ac
1289 1753 1419 1783 Sincnses
1436 1763 1537 1783 eriam-

307 1807 375 1825 num
402 1799 430 1826 in
447 1807 478 1826 ea
497 1798 663 1837 cognitione
689 1800 720 1827 ἃῑ
746 1796 859 1827 scicntia
874 1795 993 1826 studium
1012 1806 1098 1826 omne
1120 1793 1198 1826 suum
1221 1807 1340 1839 ponunt.
1356 1798 1427 1826 Haec
1445 1797 1538 1826 Chri-

308 1838 400 1869 stiana·
425 1839 556 1881 religioni
580 1839 689 1870 aditum
714 1840 748 1870 ad
773 1839 834 1870 illas
856 1850 954 1881 gentes
983 1842 1100 1875 munit,
1130 1850 1185 1880 qua
1215 1840 1330 1881 quidem
1351 1839 1385 1870 cle
1416 1850 1444 1869 re
1468 1839 1537 1871 alius

307 1885 362 1912 erit
386 1881 538 1913 differendi
552 1881 641 1914 locus.
653 1884 740 1914 Nunc
758 1883 827 1913 vcro
839 1893 943 1924 quanta
955 1894 1020 1912 cura
1031 1885 1060 1913 ὃ(
1082 1882 1171 1913 studio
1184 1883 1241 1913 liaec
1259 1882 1364 1913 nobilis
1383 1883 1497 1914 scientia
1507 1886 1537 1914 in

309 1924 465 1956 Academia
488 1925 597 1956 exculta
620 1925 724 1962 fuerit,
749 1926 903 1957 dicendum
924 1925 1007 1956 nobis
1024 1926 1061 1955 est
1075 1948 1084 1960 ‚
1110 1925 1198 1955 dunsto
1223 1926 1257 1956 ab
1279 1930 1312 1957 iis
1331 1925 1450 1957 exordio
1473 1938 1536 1968 qux:

308 1972 401 1999 minus
424 1968 528 2000 habent
549 1967 709 2012 splendoris
723 1996 732 2010 ‚
761 1969 808 2000 sed
831 1980 893 2012 qua:
914 1967 934 1999 si
955 1967 1080 2011 negligas
1105 1991 1114 2003 ‚
1142 1980 1201 1999 non
1223 1973 1275 2001 crit
1303 1968 1460 2012 majoribus
1491 1969 1537 1999 lo—

309 2023 367 2042 cns.

351 2057 400 2086 11.
420 2056 494 2086 Duae
519 2055 581 2088 sunt
595 2059 727 2087 omnium
745 2060 841 2099 primae
862 2055 1075 2087 observationes
1095 2056 1320 2092 Astronmfflcae,
1335 2067 1396 2099 quae
1418 2055 1535 2097 reliquis

308 2109 337 2129 ut
361 2099 544 2130 fundamenta
566 2099 777 2132 substernuntur
794 2123 802 2135 ,
828 2099 900 2131 linea
913 2099 1069 2131 meridiana
1090 2103 1119 2130 ὅ(
1140 2099 1200 2143 poli
1219 2099 1361 2133 altitudo:
1378 2099 1412 2131 ab
1432 2103 1465 2131 iis
1482 2103 1534 2131 ita.
