1638 2345
266 95 560 130 ACADEMIAE
595 89 909 128 HISTORIA:
944 93 1023 128 Lim
1061 96 1125 131 IV.
1242 102 1300 125 'w

68 139 152 172 instar
170 139 300 173 sustentat
312 165 323 178 ‚
340 153 370 172 ut
388 145 417 172 in
438 141 618 176 umbellam,
642 150 689 171 aut
700 151 853 184 utrumque
865 138 926 170 obit
942 151 1065 180 munus,
1080 154 1111 174 ut
1125 144 1154 173 in
1169 143 1229 176 rosa
1241 113 1296 182 {jug
1306 144 1395 184 Batoi-1

67 183 147 216 malo
169 187 199 215 &
220 197 313 229 pyr0·,
334 183 388 215 five
402 183 479 215 foliis
493 185 641 216 instruatur
654 206 663 220 ‚
685 182 741 214 five
759 186 793 214 iis
811 193 903 214 careat
916 206 926 219 ‚
943 182 1017 215 calix
1036 185 1203 228 appellatur.
1236 192 1373 233 Qinicae.

68 226 224 270 aliquando
242 227 396 272 multiplici
413 228 520 259 constat
536 227 608 259 folio
621 253 630 267 ,
650 238 701 258 nec
720 226 827 258 diutius
848 226 932 258 durat
954 250 964 263 ,
985 229 1065 271 quod
1079 233 1141 271 ejus
1156 230 1226 263 folia
1245 245 1296 276 pe-

65 269 165 301 diculo
180 272 339 303 adhaereant
360 283 444 315 penes
461 274 594 315 pauciora
617 271 680 302 vasa
693 294 703 306 ,
724 281 810 314 eaque
829 270 910 302 facile
926 269 1146 316 disrumpuntur.
1176 276 1296 309 Interim

66 317 150 345 unius
170 318 207 347 est
238 314 302 346 folii
321 337 329 351 ,
348 315 426 357 quod
446 317 462 346 ὲ
484 314 610 359 pediculi
630 312 710 345 fibris
735 313 900 357 producitur
926 327 932 345 :
956 315 1033 346 unde
1053 318 1085 348 δε
1108 315 1221 350 firmior
1245 320 1292 353 est,

66 359 142 399 Qae
168 357 273 390 florum
301 357 363 390 sunt
394 357 464 389 folia
483 380 493 393 ‚
519 370 664 402 nunquam
686 356 839 388 seminibus
861 356 1045 389 involuendis
1071 359 1194 393 serviunt
1213 377 1220 395 z
1239 365 1296 394 hoc

64 404 142 431 enim
156 406 302 446 proprium
321 402 357 432 cst
372 401 465 432 calicis
481 423 492 438 ,
509 406 559 446 qui
573 402 633 445 post
647 400 784 432 foliorum
804 400 898 432 casum
911 400 1078 445 plerumque
1091 403 1196 436 semina
1212 407 1297 438 instar

64 445 182 487 capsulae
209 445 349 477 recondit.

114 489 153 518 Ex
174 492 250 519 varia
272 489 378 519 florum
399 489 536 520 structura
561 489 600 519 D.
615 487 793 522 Tournefort
812 488 921 533 plantas
942 490 972 520 in
993 493 1096 534 viginti
1113 490 1182 523 duas
1201 491 1299 525 classen-2

64 528 205 562 distribuit
223 554 232 567 ,
255 543 373 574 quarum
391 531 506 575 fingulae
521 535 599 564 varia
621 543 725 575 genera
746 531 986 576 complestuntur.
1009 537 1044 565 In
1066 534 1186 567 floribus
1208 539 1298 578 majus

63 574 211 615 quoddam
226 587 330 606 naturae
346 574 510 612 artificium,
520 587 605 618 quarn
614 578 645 607 in
657 574 720 606 aliis
735 575 895 619 plantarum
908 576 1033 618 partibus
1046 577 1072 609 se
1085 578 1201 623 prodit,
1214 590 1298 622 atque

62 618 94 646 in
112 629 207 648 carum
226 617 363 649 strusturfi
383 621 478 650 minor
494 621 644 650 mutationi
659 629 735 662 patet
749 619 840 650 locus.

109 662 138 691 X
153 664 173 691 1.
214 664 311 705 Itaque
334 665 364 693 in
379 663 437 693 duo
458 661 535 693 velut
550 661 660 693 summa
682 672 785 705 genera
803 666 931 706 primum
949 662 1041 695 dividi
1055 663 1170 709 possunt
1191 666 1298 706 flores;

62 704 92 732 in
109 716 157 735 cos
179 708 227 747 qui
245 705 323 737 foliis
344 703 388 737 seu
410 705 510 749 petalis
531 707 686 737 vestiuntur
707 717 715 740 ς
734 708 765 736 &
792 716 840 738 eos
853 710 903 751 qui
918 708 949 737 in
970 707 1089 739 stamina
1111 707 1293 742 diducuntur.

65 747 109 777 Hi
129 747 187 779 fere
205 761 304 781 omnes
329 748 414 780 calice
436 751 603 781 muniuntur
620 763 626 781 ε
649 760 748 780 eorum
767 747 896 793 plerique
910 760 1009 781 tenero
1030 749 1135 782 frustui
1157 751 1299 784 adhaeres.

63 799 131 821 cunt
145 814 154 827 ‚
180 803 261 836 atque
277 794 380 824 horum
396 792 513 835 pistillus
528 792 588 834 ipse
609 793 648 823 cst
663 790 750 823 foetus
763 815 772 828 ‚
795 804 825 822 ut
844 797 873 824 in
888 796 1018 835 gramine
1039 794 1137 826 videre
1151 795 1198 826 est.
1223 798 1297 836 Qae

63 843 234 866 nucamenta
252 836 345 867 ferunt
366 835 468 879 plantae
481 861 489 874 ‚
505 847 543 866 εκ
559 833 644 865 flores
663 834 768 866 habent
788 839 818 866 in
839 836 957 867 stamina
992 836 1145 879 nandoque
1166 836 1299 870 brevissi-

61 887 111 907 ma
127 878 271 910 diductos.
299 880 396 922 Atque
412 878 577 919 hujusmodi
593 877 679 908 flores
701 889 759 908 non
781 877 903 920 infignes
919 891 976 922 prae
997 889 1047 909 ‘ent
1061 880 1224 923 plantarum
1239 881 1299 913 dif-

63 918 215 957 ferentias,
237 922 482 964 quemadmodum
504 921 589 953 flores
608 923 661 952 suis
675 921 802 952 instruffi
817 919 896 953 foliis
910 944 921 958 ,
945 932 1070 964 quorum
1083 934 1185 966 magna
1203 925 1241 956 cst
1266 929 1298 957 &

62 963 243 999 incredibilis
263 970 391 997 varietas.

110 1009 196 1041 X11.
237 1010 280 1039 Ac
295 1013 419 1052 primum
443 1008 527 1039 flores
546 1007 589 1040 illi
608 1007 654 1040 vel
680 1007 743 1039 sunt
768 1007 934 1052 simplices,
962 1009 1008 1041 vel
1034 1009 1194 1053 compositi.
1220 1012 1298 1043 Sim-

60 1048 150 1092 plices
168 1054 285 1083 unicum
306 1052 411 1084 liabent
431 1052 532 1083 florem
552 1064 610 1083 uno
622 1050 709 1083 calice
732 1062 898 1083 contentum
912 1075 922 1088 ,
942 1063 1035 1095 neque
1053 1064 1087 1083 ex
1107 1056 1139 1083 iis
1156 1054 1297 1097 partibus,

60 1102 130 1132 quas
159 1094 291 1125 flosculos
307 1095 396 1137 vulgo
419 1096 541 1127 Fleurons
554 1121 562 1132 ,
580 1107 626 1127 aut
645 1094 837 1135 Semiflcfitulos
855 1106 960 1127 vocant
974 1118 983 1131 ‚
1006 1095 1070 1127 sunt
1088 1099 1243 1140 compaffi.
1272 1101 1299 1130 Ii

57 1134 203 1180 simplices
217 1138 279 1170 sunt
298 1137 381 1169 flores
397 1141 447 1181 qui
463 1142 550 1170 unico
567 1138 651 1177 folio,
665 1137 722 1168 five
739 1138 768 1169 id
790 1137 912 1180 regulari
935 1137 1025 1180 figura
1049 1138 1194 1171 incidatur
1207 1164 1217 1177 ‚
1240 1141 1298 1173 five

60 1181 209 1223 irregulari
229 1194 236 1217 ς
254 1182 357 1213 horum
377 1180 461 1214 flores
481 1181 529 1214 alii
547 1180 745 1226 campanulam
757 1203 767 1217 ,
784 1180 833 1213 alii
849 1180 1068 1215 infundibulum
1080 1182 1141 1218 alii,
1156 1184 1294 1227 quiddam

25 1231 28 1234 ⁴
58 1221 141 1256 ,aliud
160 1226 295 1256 referunt.

105 1268 145 1297 Ex
167 1271 202 1298 iis
220 1272 269 1310 qui
284 1268 412 1310 pluribus
436 1267 514 1299 foliis
533 1269 689 1300 vestiuntur
704 1289 714 1303 ‚
735 1267 853 1311 quidam
867 1278 988 1311 quatuor
1011 1271 1040 1298 in
1067 1268 1191 1299 formam
1207 1274 1297 1302 crucis

57 1309 202 1352 dispositis
226 1314 353 1344 constant
374 1334 384 1347 ‚
401 1310 450 1342 alii
475 1311 569 1343 rosam
594 1334 604 1347 ‚
629 1322 676 1342 aut
691 1310 904 1354 cariophyllum
923 1337 932 1347 ,
957 1310 1091 1342 nonnulli
1117 1309 1211 1343 lilium
1229 1316 1299 1344 irni-

59 1362 165 1391 rantur.

107 1399 213 1427 X111.
250 1398 412 1439 Compofiti
427 1397 511 1429 flores
531 1397 546 1427 ὲ
569 1396 697 1428 flosculis
710 1419 720 1433 ,
743 1408 789 1428 aut
807 1393 1005 1428 semiflosculis
1018 1398 1048 1427 in
1063 1396 1168 1438 magni
1181 1408 1296 1440 quoque

59 1438 124 1470 sunt
138 1442 270 1471 varietate
293 1455 300 1473 :
322 1441 433 1473 flosculi
447 1452 548 1472 ornnes
564 1451 597 1472 ut
615 1439 738 1471 totidem
755 1440 887 1472 tubiuno
901 1441 932 1470 ὅ(
953 1439 1055 1470 eodem
1073 1440 1160 1471 calice
1174 1442 1297 1473 involuti

56 1482 138 1514 idem
155 1482 231 1514 velut
248 1484 352 1516 sertum
365 1484 492 1516 efficiunt
505 1506 514 1520 ‚
532 1482 636 1526 singuli
652 1481 764 1514 flosculi
782 1482 931 1514 embrione
944 1481 991 1513 seu
1009 1494 1101 1525 grano
1115 1482 1177 1514 sunt
1192 1487 1296 1521 innixi,

61 1524 77 1554 ὲ
97 1530 176 1568 cujus
197 1526 287 1558 fundo
304 1527 381 1559 aliud
396 1528 578 1560 filamentum
601 1526 697 1570 prodit
718 1526 819 1558 tubulo
839 1537 975 1569 tanquam
999 1530 1100 1568 vagina
1117 1526 1296 1562 conclusum,

61 1569 160 1610 Hujus
178 1574 289 1611 generis
316 1571 379 1603 sunt
406 1571 490 1602 flores
514 1569 568 1601 abs
587 1570 683 1605 nthii,
707 1569 880 1601 carduorum
902 1573 961 1601 &c.
985 1571 1044 1613 Qi
1063 1569 1078 1598 ὲ
1099 1568 1298 1602 semiflosculis

58 1612 138 1644 velut
150 1612 219 1644 serta
244 1613 374 1658 quaedam
393 1637 402 1650 ‚
433 1615 463 1644 hi
490 1582 618 1656 plurilus
641 1613 768 1644 constant
788 1612 914 1656 partibus
936 1635 943 1648 ‚
967 1623 1029 1653 quae
1056 1612 1150 1654 poste&
1174 1615 1204 1643 in
1224 1614 1297 1645 folia

61 1655 288 1698 complanantur.
316 1660 381 1688 Hos
402 1657 484 1688 flores
504 1667 618 1687 cernere
638 1656 703 1687 licet
717 1659 745 1686 in
762 1657 880 1687 Soncho
901 1655 989 1697 vulgo
1012 1657 1127 1686 Laitron
1144 1669 1151 1687 z
1168 1655 1294 1694 lactuca,

63 1701 95 1729 ὅ(
109 1699 180 1730 aliis,
196 1698 291 1732 Flores
305 1699 408 1732 radiosi
418 1712 451 1731 ex
466 1699 590 1742 utrisque
609 1698 733 1730 flosculis
746 1703 776 1731 δέ
788 1698 987 1732 semlflosculis
1001 1700 1040 1729 ita
1055 1698 1117 1730 sunt
1132 1710 1195 1730 corn
1219 1700 1294 1737 ofiti,

61 1752 92 1772 ut
110 1741 221 1773 flosculi
235 1744 362 1775 medium
375 1744 452 1774 velut
467 1743 562 1773 locum
576 1753 716 1785 occupent
728 1765 737 1777 ,
756 1747 806 1787 qui
829 1742 922 1775 discus
942 1754 989 1773 aut
1011 1740 1100 1784 pelvis
1118 1743 1199 1788 appel
1213 1754 1293 1776 atur:

60 1784 246 1817 semiflosculi
259 1788 342 1818 instar
360 1798 472 1818 coronae
484 1789 559 1818 circa
575 1785 684 1826 pelvim
702 1786 898 1830 disponuntur.

107 1831 135 1859 X
149 1831 160 1858 1
173 1832 210 1860 V.
246 1831 341 1872 Atque
355 1842 385 1862 ut
408 1831 545 1861 summam
567 1828 702 1860 faciamus
716 1841 816 1861 eorum
849 1841 890 1861 uae
909 1828 1037 1861 diximus
1050 1853 1059 1866 ‚
1083 1829 1169 1862 flores
1191 1841 1292 1860 omnes

63 1875 111 1915 qui
129 1871 227 1915 perulis
249 1872 294 1904 seu
316 1872 395 1904 foliis
416 1873 478 1904 sunt
505 1875 631 1907 muniti,
655 1872 700 1903 vel
718 1875 806 1904 unico
843 1872 904 1904 olio
925 1875 1108 1904 continentur
1122 1896 1130 1909 ,
1153 1876 1230 1915 iique
1256 1873 1291 1904 :td

61 1926 169 1946 novem
186 1915 289 1958 species
311 1916 470 1949 referuntur
484 1915 561 1957 juxtfi.
578 1915 700 1947 diversas
711 1928 811 1948 eorum
828 1915 944 1947 form-is.
971 1919 1032 1956 Qi
1046 1916 1199 1958 multiplici
1219 1915 1292 1946 folio

61 1958 229 1995 donantur,
250 1963 278 1990 in
307 1963 431 2002 quinque
454 1959 557 2002 species
579 1958 641 1991 sunt
662 1959 745 1990 divisi
763 1982 773 1995 ,
793 1971 913 2003 quatum
932 1957 1033 1989 ultima
1057 1959 1095 1990 est
1112 1959 1290 2001 irregularis,

62 2001 153 2045 qualis
174 2005 203 2032 in
236 2001 428 2045 leguminibus
454 2005 586 2034 cernitur.
622 2005 738 2034 Horum
763 2002 848 2034 flores
875 2000 1077 2046 papillionares
1098 2002 1155 2033 dici
1175 2001 1289 2039 solent„

64 2045 140 2086 quod
164 2045 317 2088 papilionis
336 2046 460 2078 volantis
485 2046 608 2080 formam
629 2058 782 2090 utcumque
810 2046 933 2077 referant
961 2059 968 2076 ι
995 2045 1073 2087 quod
1096 2044 1218 2088 superius
1240 2057 1290 2075 ex·

62 2097 104 2126 zat
120 2087 225 2122 folium
244 2088 361 2129 vexilli,
376 2100 481 2120 nomen
492 2089 615 2122 obtinuit
628 2113 637 2127 ‚
659 2102 688 2121 ut
704 2091 820 2125 inferius
836 2089 921 2133 idque
937 2088 1040 2162 <inglu
1061 2092 1160 2137 carium
1173 2092 1289 2122 nomine

1018 2142 1027 2161 t
1066 2142 1098 2171 ιι]
