1638 2345
314 96 619 132 ACADEMIAE
658 99 960 133 HISTORIA.
994 104 1081 136 Lrn.
1115 107 1140 136 1.
1299 118 1308 139 1

111 138 180 170 fecis
196 138 262 170 olei.
279 139 345 172 Ubi
360 144 418 172 aeri
430 142 536 174 diutius
550 145 721 188 exponitur,
746 144 845 175 durior
867 145 961 176 evadit
975 168 984 182 ‚
1004 150 1035 178 ὅ(
1055 150 1083 178 in
1096 160 1184 191 grana
1204 119 1330 182 concrcs5-
1348 150 1446 181 Chim}-

109 185 168 220 cit,
180 196 242 227 quoe
260 183 371 216 nullam
395 188 455 217 vim
470 189 548 228 aquis
557 188 692 220 tribuunt.
712 189 809 229 Qare
827 189 1033 233 primumillud
1043 202 1091 222 cns
1105 192 1172 223 ferri
1183 196 1262 236 aquis
1275 198 1331 225 aci·
1347 204 1387 224 ca.

108 225 227 257 ditarem
248 227 372 271 praebere
393 230 500 273 potest,
525 242 617 275 neque
638 231 745 262 necess'e
761 232 798 262 est
822 233 857 263 ad
872 233 1020 265 vitriolum
1035 234 1082 266 vel
1104 234 1219 267 alumen
1233 237 1337 269 confu-

107 280 186 313 gere.
208 271 361 303 Mineralia
383 285 470 316 porro
487 276 518 304 &
538 272 607 306 ferri
624 286 703 307 venae
723 277 864 319 imprimis
888 280 968 319 aquis
981 281 1194 310 communicare
1212 279 1336 323 possunt,

108 312 155 343 vel
174 313 285 358 spiritus
309 316 447 359 quosdam
467 317 616 355 volatiles,
655 321 684 349 ui
702 317 810 350 olfactu
824 325 898 365 perci
921 324 1036 357 fiuntur,
1060 333 1105 353 aut
1124 322 1218 354 succos
1233 335 1339 367 coagu-

107 354 207 388 labiles
224 380 233 394 ‚
258 362 307 402 qui
326 358 422 403 sapore
446 360 575 403 dignosci
587 332 721 407 poillunt,
736 367 768 395 &
790 367 817 394 iu
839 334 975 406 crylsalos
993 368 1085 396 varios
1101 366 1274 401 formantun
1290 368 1337 399 vel

107 409 232 430 terrenas
247 405 415 445 particulas,
438 416 500 448 quat
516 404 703 438 calcinatione
731 409 761 437 ὅ(
787 407 954 439 reduetione
973 409 1008 440 ad
1030 407 1178 440 flammam
1199 409 1338 454 lampadis

108 441 278 487 scprodunt.

136 487 191 518 Ista
210 487 327 531 quidem
352 488 438 531 paulo
454 487 540 521 fufius
556 491 572 522 5
593 492 677 524 nobis
701 492 763 524 sunt
777 493 921 538 exposita,
947 495 1027 538 quod
1049 508 1079 526 ea
1098 507 1157 527 non
1177 496 1230 528 fint
1249 501 1337 530 inuti-

105 527 143 559 lia
161 532 195 561 iis
215 531 411 573 intelligendis
423 545 485 577 quae
503 535 597 578 postea
611 536 646 567 de
667 548 804 579 aquarum
821 537 1006 569 mineralium
1025 544 1155 571 examine
1176 544 1206 571 in
1224 542 1337 573 Acade·

104 575 163 604 mia
179 585 239 606 non
264 575 446 618 indiligenter
461 575 537 608 facto
553 579 647 620 postea
670 580 776 610 dicturi
798 581 903 613 sumus.

130 619 170 647 V.
199 618 348 648 prodierat
366 630 456 663 nuper
469 622 497 649 in
520 621 667 664 publicum
692 621 798 653 nobilis
819 623 909 665 Angli
931 625 970 656 D.
998 625 1087 666 Boyle
1101 648 1110 661 ‚
1136 627 1170 657 de
1192 628 1235 658 his
1251 629 1337 660 disci-

103 657 191 702 plinis
209 660 318 704 optime
343 664 437 692 meriti
452 665 583 694 tractatus
602 664 637 695 de
660 665 818 696 formarum
840 670 971 709 origine,
996 671 1024 697 in
1040 680 1097 712 quo
1115 670 1207 701 multa
1228 672 1264 702 de
1283 672 1336 703 [lale

102 702 231 746 quodam
245 726 255 740 ‚
266 716 354 748 quern
371 716 453 736 vocat
467 707 631 738 anomalum
645 731 655 744 ,
671 708 805 740 edisserit.
825 711 884 740 Hic
897 714 994 754 utique
1007 723 1040 741 ex
1059 711 1120 742 aliis
1140 712 1240 744 salibus
1250 727 1336 746 com-

103 749 221 789 ponitur
234 770 244 783 ,
264 748 360 792 sapore
383 759 440 779 ram
457 748 558 786 dulci,
577 762 608 782 ut
622 751 703 783 nullo
723 755 746 782 is
763 751 817 784 sale
833 775 842 789 ‚
859 753 905 784 vel
923 754 1004 785 acido
1018 776 1026 788 ,
1051 755 1098 785 vel
1114 755 1268 800 sulphureo
1283 771 1334 790 xm-

102 799 228 822 mutetur
244 813 254 826 ‚
272 802 317 821 aut
338 792 515 828 destruatur3
540 795 682 825 violarum
707 796 810 840 syrupo
833 808 885 829 nec
899 797 1017 828 rubrum
1041 797 1171 831 colorem
1185 822 1193 835 ,
1213 812 1243 831 ur
1259 803 1333 834 acidi

102 831 193 869 sales,
217 845 269 864 nec
285 835 406 865 viridem
425 834 535 867 confert
550 859 559 872 ,
581 840 622 868 uti
644 838 712 869 sales
735 838 827 870 alxali
852 862 861 875 ‚
885 851 933 871 aur
952 841 1115 885 sulphurei:
1133 846 1176 873 vis
1190 855 1285 875 tamen
1297 845 1334 876 il-

101 873 157 906 lius
181 880 210 906 in
233 875 415 909 dissolvendo
437 883 562 918 maxima
584 882 632 912 est.
655 884 730 923 Qis
749 894 818 913 vero
833 883 881 914 ille
898 883 948 920 fit,
971 888 998 916 ἃ
1018 896 1074 932 qua
1095 888 1207 918 ratione
1249 899 1334 933 ratpa-

102 929 179 950 rctur
193 941 201 955 ,
225 920 287 952 aliis
304 921 494 953 divinandum
511 923 653 968 relinquit.
677 927 746 956 Hoc
768 929 866 969 utique
884 931 1002 971 aenigtna
1025 927 1196 961 solvendum
1226 931 1288 961 uscc
1313 936 1334 964 it

102 961 146 994 D.
162 965 212 994 Du
233 964 305 995 Clos
318 964 484 1006 ipsiffimurn
502 966 587 998 salem
619 967 673 999 effe
693 968 864 1013 suspicatus,
889 982 977 1014 quem
999 983 1032 1001 ex
1047 973 1230 1014 Qercetano
1248 945 1333 1007 regrt

102 1006 281 1038 Schroderus
302 1019 383 1038 tomo
399 1020 425 1040 2.
446 1013 622 1049 Qercerani
644 1011 767 1043 redivivi
790 1026 817 1056 p.
838 1018 901 1051 693.
920 1012 983 1043 salis
1004 1016 1143 1045 nimirum
1168 1021 1334 1049 communis

100 1049 239 1080 cristallos
262 1050 359 1081 dulces
378 1064 440 1095 quae
461 1064 516 1097 ope
529 1056 599 1085 aceti
618 1065 651 1084 ex
668 1054 754 1085 melle
770 1055 836 1086 faeti
850 1068 1053 1100 praeparantur.
1077 1059 1173 1099 Hujus
1190 1058 1252 1090 salis
1277 1065 1333 1091 mi·

100 1102 143 1122 ras
165 1096 282 1124 virtutes
296 1097 326 1125 in
352 1095 485 1126 curandis
505 1096 614 1127 morbis
628 1119 637 1132 ,
664 1101 724 1128 imo
739 1097 757 1128 fi
776 1102 800 1129 ei
816 1099 958 1130 credimus
974 1122 982 1135 ,
1010 1103 1040 1130 in
1058 1111 1128 1131 auro
1149 1101 1331 1135 dissolvendo

100 1134 213 1167 extollit
225 1159 234 1172 ‚
253 1147 337 1181 atque
357 1140 391 1167 iis
408 1138 523 1170 dotibus
541 1151 609 1183 quas
632 1142 670 1171 D.
695 1141 785 1182 Boyle
802 1141 850 1173 suo
873 1141 920 1172 sali
944 1141 1078 1173 anomale
1094 1144 1192 1176 tribuit
1206 1171 1215 1183 ,
1230 1150 1333 1177 omni-

100 1188 138 1208 no
162 1179 296 1223 praeditus
318 1180 442 1213 videtur.
459 1184 500 1213 Ex
518 1184 551 1212 iis
562 1183 670 1214 constat
683 1196 745 1229 quac
766 1184 832 1216 salsa
845 1185 1005 1217 admodum
1021 1185 1085 1217 sunt
1099 1190 1129 1218 δε
1148 1189 1245 1224 acida,
1266 1201 1332 1221 cum

99 1223 123 1251 is
144 1233 196 1253 nec
209 1222 292 1253 salsus
309 1222 339 1254 fir
361 1235 413 1254 nec
432 1225 529 1257 acidus
541 1248 551 1260 ‚
567 1236 620 1258 nec
637 1238 709 1260 acer.
732 1229 801 1259 Hoc
821 1228 947 1273 utrisque
971 1241 1125 1260 commune
1142 1231 1198 1267 cst,
1217 1243 1248 1263 ur
1264 1232 1332 1263 fun-

98 1263 129 1295 di
143 1263 227 1296 facile
247 1265 371 1310 poffim,
394 1271 426 1299 &
452 1272 481 1299 in
503 1271 568 1299 ac're
589 1269 674 1302 instar
689 1270 752 1302 salis
774 1275 869 1303 tartari
897 1271 1021 1305 resolvi:
1046 1272 1188 1305 sublimati
1212 1277 1332 1307 Mercu..

98 1310 134 1338 rii
151 1307 322 1341 solutionem
341 1322 399 1341 non
415 1314 609 1355 praecipitan13
626 1315 656 1343 in
676 1315 774 1358 spiritu
789 1318 852 1345 vini
870 1314 953 1346 facile
972 1316 1186 1353 dissolvuntur,
1203 1320 1277 1349 inter
1290 1319 1331 1350 sa-

98 1349 139 1382 les
156 1351 321 1396 sulphureos
343 1357 373 1385 &
399 1354 496 1386 acidos
513 1356 611 1386 medio
633 1356 696 1388 sunt
715 1357 780 1389 loco
793 1359 950 1390 constituti.

134 1394 218 1426 Alios
231 1395 284 1427 effe
300 1395 368 1427 sales
390 1398 492 1442 eosque
506 1398 603 1430 dulces
618 1403 668 1442 qui
682 1412 716 1431 ex
734 1402 814 1433 rebus
829 1403 983 1434 acrioribus
994 1402 1167 1440 eliciuntur,
1186 1408 1214 1435 in
1230 1405 1329 1437 eadem

97 1437 289 1470 dissertatione
303 1440 439 1471 admonet
458 1442 500 1476 D.
526 1443 577 1473 Du
597 1443 680 1474 Clos.
704 1446 745 1474 Ex
768 1456 839 1488 aqua
858 1443 926 1476 forti
944 1445 1064 1490 plumbo
1091 1447 1222 1478 minerali
1241 1447 1330 1480 affusa

98 1481 137 1513 sal
151 1481 242 1512 dulcis
261 1484 371 1515 extrahi
386 1482 474 1520 solet,
491 1496 550 1530 quo
570 1486 738 1518 animalium
757 1499 854 1517 carnes
875 1491 1045 1533 incorruptae
1061 1489 1272 1521 conservantur.

129 1525 196 1556 Alia
208 1537 323 1569 quoque
342 1531 535 1570 experimenta
547 1528 562 1558 ὲ
583 1530 623 1560 D.
644 1531 735 1572 Byole
773 1530 895 1575 ropofita
912 1535 941 1562 in
958 1533 1057 1563 cadem
1073 1533 1267 1565 diflertatione
1277 1546 1326 1567 ex-

96 1569 196 1611 pendit
219 1581 281 1612 quae
308 1569 426 1613 longum
445 1570 513 1603 estet
532 1571 636 1603 referre
656 1595 666 1608 ,
693 1577 722 1605 δέ
741 1586 754 1604 a
794 1576 922 1607 instituto
943 1575 1090 1612 alienum,
1117 1588 1184 1607 cum
1207 1577 1242 1609 ad
1263 1590 1325 1610 rem

96 1611 271 1644 metallicam
294 1612 428 1656 spectent.
442 1617 587 1657 roirca
600 1616 635 1647 ad
652 1615 780 1648 faciliora
791 1621 986 1661 experimenta
996 1631 1154 1663 pergamus.

161 1654 239 1687 Illud
266 1657 393 1700 primum
414 1662 536 1690 occurrit
564 1660 643 1703 quod
677 1661 717 1690 D.
748 1661 800 1692 Du
821 1660 893 1693 Clos
919 1665 946 1693 in
980 1675 1050 1706 aqua
1083 1663 1201 1707 insipida
1231 1665 1296 1696 exhi
1311 1685 1325 1691 -

93 1700 163 1731 buit.
192 1700 230 1729 Ea
255 1700 371 1743 quidem
387 1700 465 1731 lento
495 1701 590 1733 calore
618 1703 744 1735 extillara
771 1703 824 1735 fiait
848 1716 883 1735 ex
909 1705 1030 1749 quadam
1057 1709 1224 1750 mucilagine
1239 1721 1323 1752 quam

96 1741 213 1785 quidam
241 1742 343 1775 florem
374 1756 452 1775 terrae
476 1766 485 1780 ,
514 1745 562 1776 alii
590 1744 691 1777 florem
721 1747 790 1778 coeli
819 1760 833 1778 a
855 1748 973 1792 pellant.
1008 1751 1079 1781 Haec
1105 1754 1133 1781 in
1160 1755 1238 1781 terris
1268 1755 1296 1782 in
1308 1771 1323 1777 -

97 1785 179 1816 cultis
212 1789 285 1818 circa
319 1790 487 1831 aequinoetia
521 1789 582 1833 post
612 1788 737 1833 pluviam
764 1803 846 1822 mane
877 1791 1021 1831 colligitur
1049 1796 1121 1824 inter
1157 1794 1256 1825 herbas
1290 1798 1322 1825 δε

97 1829 247 1865 muscum·,
273 1832 397 1862 interdiu
421 1830 571 1863 exsiccatur
590 1857 600 1869 ,
647 1845 677 1864 ac
715 1833 858 1878 supersunt
883 1826 992 1866 tantum
1026 1836 1228 1868 mimbranuloe
1254 1849 1322 1881 quas

97 1882 198 1903 ventus
221 1873 275 1904 huc
293 1873 360 1904 illuc
382 1874 497 1916 disjicit.
517 1877 600 1919 Aqua
618 1875 675 1908 leni
692 1877 848 1909 admodum
865 1878 958 1909 calore
981 1882 1009 1910 in
1030 1878 1132 1910 balneo
1147 1892 1181 1910 cx
1204 1892 1234 1910 ea
1257 1893 1322 1911 mu-

96 1915 216 1957 cilagine
231 1916 363 1947 distillata
376 1919 484 1960 ‚gustus
496 1918 601 1961 judicio
624 1920 746 1951 ommino
760 1921 796 1951 est
811 1920 928 1965 insipida
947 1937 953 1954 :
977 1934 1007 1952 ca
1023 1933 1115 1953 tamen
1135 1922 1316 1955 sublimatum

96 1962 266 1990 mercurium
287 1963 315 1990 in
336 1973 405 2005 aqua
424 1961 543 2005 limpida
565 1963 724 1994 exsolutum
747 1963 783 1994 fic
801 1968 985 2009 ptoecipitavit
999 1988 1007 2000 ,
1023 1978 1052 1996 ut
1077 1965 1179 1997 solutio
1199 1966 1319 1997 lachuin

94 2001 223 2033 colorun
245 2002 372 2035 indueret
390 2018 396 2036 :
421 2006 497 2048 quod
520 2005 572 2036 soli
587 2006 698 2047 spiritus
718 2019 764 2038 aut
780 2009 847 2039 sales
869 2008 1010 2052 sulphurei
1031 2020 1077 2039 aut
1097 2008 1226 2039 volirilcs
1246 2023 1320 2052 ρη-

95 2045 164 2076 stite
191 2045 302 2081 solent,
324 2047 398 2077 unde
412 2060 475 2078 eam
495 2061 595 2092 aqu-im
621 2051 702 2088 hujus
715 2056 826 2093 generis
842 2051 895 2082 sale
910 2055 1086 2095 impra‘fgnari
1107 2052 1223 2083 constat.
1238 2055 1321 2084 Hanc

97 2088 257 2120 Paracelsus
278 2092 310 2123 L.
322 2103 348 2122 2.
368 2093 500 2124 trastatus
518 2093 715 2138 Philosophici
730 2094 848 2127 bai-bara
863 2107 932 2127 voce
954 2094 1069 2135 Nostoch
1082 2095 1222 2140 appellat,
1236 2108 1321 2141 caque
