1638 2345
213 183 300 214 ΑΝΝ.

212 230 294 259 1668.

325 149 365 178 40
668 139 834 170 REGIAE
885 138 1283 172 SCIENTIARUM

324 178 443 211 attollat.
468 181 524 212 Sed
540 185 610 213 ratio
630 193 725 213 tamen
747 180 875 212 habenda
896 182 933 212 cst
952 180 1026 213 funis
1045 194 1094 225 per
1111 183 1250 214 trochleas
1266 183 1363 220 dum,
1384 195 1416 216 ac
1430 184 1546 216 demum

324 223 436 255 attritus
456 229 504 267 qui
522 224 584 255 sane
607 228 635 255 in
655 237 685 255 ca
712 223 857 255 occasione
872 235 930 254 non
956 225 1106 256 mediocris
1129 224 1193 256 fuit.

372 268 450 298 Huic
472 271 668 309 experimento
691 266 743 298 alia
757 271 866 309 generis
889 267 1014 309 <jusdem
1032 267 1154 309 subjecta
1176 268 1239 300 sunt
1253 268 1356 300 eodem
1375 272 1403 299 in
1424 269 1488 300 loco
1499 270 1546 301 die

322 309 436 341 decimo
450 310 531 352 Julii.
555 309 686 341 Primum
706 311 823 354 quidem
846 311 881 341 ab
900 311 1017 341 homine
1037 311 1147 353 pondus
1169 316 1258 352 majus
1274 311 1313 342 sui
1334 316 1461 356 corporis
1474 324 1548 356 pon—

321 352 387 383 dere
408 353 513 384 sursum
538 353 632 384 attolli
657 357 703 384 vix
726 352 803 396 posse
829 365 861 383 ca
889 357 998 384 ratione
1020 354 1072 385 fuit
1097 356 1328 394 comprobatum.
1355 357 1458 386 Homo
1483 355 1548 386 san's

320 396 419 438 gracili
438 401 566 439 corporis
589 397 706 435 habitu,
722 395 834 439 pondus
858 408 913 437 ις’).
942 396 1077 428 librarum
1098 398 1232 429 trochliae
1261 399 1399 442 illigatum
1427 399 1549 429 evehere

321 450 381 470 non
402 439 509 471 valuit:
531 439 605 470 unde
628 444 687 479 ejus
711 439 790 469 collo
809 451 911 483 corpus
932 453 974 482 ²5·
990 439 1054 471 libr.
1074 439 1234 483 suspcnium
1253 441 1306 472 fuit
1321 464 1330 477 ,
1347 451 1463 483 tumque
1478 452 1549 485 pon-

321 481 374 512 dus
397 495 457 521 130.
473 483 507 513 ad
526 482 708 513 altitudinem
732 482 904 526 sesquipedis
925 482 1047 516 sustuli13
1065 483 1141 514 a'iud
1166 484 1269 514 deinde
1295 484 1420 527 ejusdem
1442 484 1547 527 ponde-

322 527 359 555 ris
380 537 482 568 corpus
500 529 559 566 ejus
579 524 657 555 colio
679 524 838 567 suspensum
857 526 896 556 est
910 548 918 560 ,
936 537 996 556 tum
1013 537 1115 568 magna
1134 525 1269 558 facilitate
1290 529 1458 571 praedixstuni
1475 539 1549 570 pon-

321 567 374 599 dus
391 580 450 607 130.
470 568 520 599 lib.
541 568 575 598 ad
596 569 663 598 osto
686 568 770 610 usque
790 568 875 611 pedes
900 567 1041 599 sublatum
1068 569 1127 599 ist:
1153 569 1197 600 lcd
1215 581 1280 601 cum
1303 582 1374 601 unus
1397 581 1430 600 ex
1452 573 1484 600 iis
1499 572 1550 612 qui

322 610 597 646 adcranr‚manibus
622 613 742 653 appensa
763 611 889 654 pondera
913 610 1100 646 sublevasset,
1117 623 1177 643 tum
1193 613 1282 644 homo
1295 612 1412 644 victus&
1464 612 1550 643 ndere

324 654 338 684 ὲ
363 665 435 684 terra
455 654 571 697 paulum
596 653 684 684 elatus
706 654 744 684 est
761 675 770 688 ,
794 653 864 684 adeo
893 664 923 684 ut
947 657 976 684 in
1006 653 1127 685 sublime
1147 657 1226 687 aetus
1246 655 1355 696 fuisset,
1379 660 1406 686 ni
1423 669 1432 687 1
1456 656 1550 686 statim

322 697 440 740 appensa
469 696 547 727 collo
565 697 691 740 pondera
716 699 834 727 retinere
853 695 973 728 desiisset
995 720 1002 731 ,
1021 701 1071 739 qui
1091 697 1196 735 inscio,
1220 710 1273 729 ncc
1295 703 1434 742 cogitanti
1451 698 1551 730 eadem

323 739 454 771 manibus
476 739 642 773 sublevarat.
665 751 689 773 2.
717 739 792 771 lliud
811 750 925 782 quoque
949 752 1138 783 pertentatum
1157 741 1210 772 fuit
1226 753 1318 773 utruer.
1335 744 1426 773 homo
1443 744 1549 783 majori

324 786 354 814 vi
371 795 473 826 corpus
489 794 519 813 ut
540 784 651 814 vestem
669 782 791 814 ferreum
807 782 842 812 ad
867 783 891 813 se
910 784 1031 814 rrahcict
1049 783 1134 825 quini
1149 783 1164 813 ὰ
1180 785 1202 814 ss
1225 785 1390 828 repelleret:
1412 784 1552 828 aequalem

323 823 376 856 esse
398 829 550 868 utrobique
566 829 627 857 vim
648 837 827 869 compertum
848 826 897 856 cst.
920 825 968 857 Ab
989 828 1108 857 homine
1126 828 1214 858 stante
1230 831 1260 858 ὅ(
1284 827 1409 859 demiffis
1427 828 1551 860 brachiis

323 873 416 906 majus
438 869 530 901 attolli
557 870 688 913 pondus,
707 868 795 912 quam
817 867 837 899 si
862 868 938 900 idem
960 870 1050 901 [deat
1067 893 1074 904 ‚
1105 874 1135 901 δε
1159 870 1272 901 brachia
1289 872 1389 903 itidem
1410 871 1551 908 dimittat,

323 912 504 943 observatum
524 915 576 945 ruit
589 936 597 949 ,
614 912 692 956 quod
716 924 750 943 eo
772 912 884 944 sedente
904 912 1023 944 muscuh
1040 914 1240 944 tautummodo
1260 914 1443 946 brachiorum
1464 918 1494 945 ὅ(
1509 925 1553 945 re-

322 965 413 991 num,
437 954 481 986 sed
505 957 591 987 stante
610 967 725 988 crurum
747 967 859 999 quoque
876 955 998 987 musculi
1024 959 1082 986 vim
1101 957 1178 987 surm
1197 969 1320 989 exerant.
1345 959 1422 989 Tum
1435 960 1473 989 D.
1486 959 1551 988 Hu-

322 1008 391 1040 gens
413 1009 476 1040 quae
499 999 552 1030 sint
567 1002 639 1030 inter
663 999 743 1030 funes
761 1001 811 1042 qui
831 1002 911 1039 juxta
935 999 1061 1031 diversos
1083 1001 1202 1043 angulos
1222 1001 1333 1044 pondus
1352 1001 1484 1037 trahunt,
1505 1003 1551 1032 vi-

322 1043 395 1071 rium
418 1040 587 1074 differentiae
608 1043 712 1085 scripto
734 1041 872 1084 exposuit.

353 1085 410 1116 His
432 1096 489 1115 non
510 1084 611 1117 leviter
654 1085 783 1115 erstristis
802 1084 932 1127 quaedam
953 1097 1011 1116 non
1032 1085 1143 1117 inutilia
1168 1088 1241 1116 circa
1263 1088 1390 1117 vesturas
1413 1086 1474 1118 sunt
1495 1084 1551 1116 ob-

322 1126 439 1160 servata.
463 1128 504 1159 D.
523 1129 558 1158 de
582 1097 730 1159 Rogerval
748 1127 806 1158 duo
825 1128 949 1159 maxim&
964 1131 992 1158 in
1014 1131 1046 1159 iis
1073 1127 1191 1172 specstari
1211 1128 1287 1171 poffc
1307 1130 1475 1166 admoruit,
1502 1131 1550 1159 ni-

323 1173 429 1201 mitum
454 1170 505 1201 soli
522 1174 551 1202 in
576 1183 634 1214 quo
655 1170 688 1201 fit
710 1170 854 1201 subvectio
884 1183 1013 1202 naturam
1034 1194 1042 1207 ‚
1074 1183 1134 1202 tum
1161 1183 1287 1203 rotarum
1311 1173 1547 1215 magnitudinem.

321 1213 398 1245 Cum
420 1213 510 1245 solum
533 1213 648 1245 firmum
670 1214 708 1244 est
722 1237 731 1250 ‚
755 1218 876 1254 majores
894 1226 961 1246 rota*
988 1214 1059 1245 nihil
1076 1215 1182 1246 habent
1197 1226 1245 1246 cur
1262 1216 1420 1247 minoribus
1435 1227 1550 1259 antepo-

321 1267 442 1292 nanrur,
469 1255 522 1289 nifi
544 1256 618 1288 forte
635 1257 714 1301 quod
740 1261 769 1287 in
788 1258 831 1287 his
858 1256 981 1288 modioli
1001 1268 1065 1289 cum
1090 1269 1139 1288 axe
1160 1260 1252 1299 major
1274 1258 1306 1290 fit
1327 1260 1463 1291 aih-istus.
1489 1262 1550 1289 Ve-

321 1298 387 1330 rum
404 1300 431 1330 id
453 1303 585 1343 perparvi
603 1301 640 1331 est
662 1304 822 1335 momenti,
841 1311 906 1331 cum
919 1305 977 1331 axis
999 1302 1036 1332 cst
1051 1300 1174 1337 ferrcus,
1190 1305 1219 1334 δ(
1237 1314 1326 1345 partes
1342 1314 1442 1334 omnes
1460 1314 1550 1334 axun-

321 1345 368 1384 gia
391 1343 452 1374 sunt
467 1343 576 1375 oblitae.
598 1345 694 1388 Atque
716 1354 747 1374 ut
768 1347 860 1385 major
883 1354 942 1374 rota
966 1355 1110 1387 pauciores
1131 1356 1193 1388 agat
1213 1349 1346 1376 circuitus
1373 1346 1459 1388 quam
1483 1358 1549 1388 par-

322 1397 377 1421 va,
408 1387 507 1430 aequali
533 1398 628 1418 tamen
651 1386 800 1417 velocitate
824 1389 853 1417 in
879 1397 950 1417 terra
976 1398 1129 1419 moventur
1149 1389 1328 1431 peripheriae.
1353 1391 1434 1429 Qin
1460 1393 1547 1422 etiam

323 1433 440 1469 majoris
458 1441 526 1460 rotae
546 1430 656 1473 pondus
679 1428 772 1460 obesse
794 1429 926 1461 nonnihil
948 1431 1039 1474 potest
1054 1456 1061 1466 ,
1084 1442 1149 1462 curn
1173 1442 1246 1462 onus
1268 1433 1304 1462 est
1331 1431 1430 1463 levius.

355 1473 395 1502 At
411 1471 429 1502 fi
453 1472 543 1503 solum
568 1472 658 1516 ipsum
683 1471 772 1503 molle
787 1472 818 1503 fit
843 1476 873 1504 &
902 1473 1024 1505 lutosum
1048 1496 1057 1509 ,
1082 1477 1120 1505 ita
1141 1485 1172 1505 ut
1187 1477 1217 1505 in
1235 1474 1264 1505 id
1286 1474 1459 1518 aliquantum
1479 1487 1548 1508 rotae

323 1514 494 1547 descendant
511 1539 519 1550 ‚
538 1526 600 1547 tum
623 1519 744 1557 majores
764 1519 792 1546 in
815 1516 870 1546 hoc
887 1517 1044 1548 minoribus
1061 1515 1121 1549 sunt
1138 1518 1345 1559 anteponenda:
1359 1545 1366 1554 ,
1384 1519 1462 1561 quod
1477 1520 1547 1552 radii

322 1557 375 1589 fint
397 1559 519 1590 totidem
539 1561 673 1590 chtesin
686 1558 741 1590 illis
760 1558 806 1589 lon
831 1562 904 1590 iores
919 1582 928 1595 ‚
947 1570 1063 1602 qumque
1076 1561 1146 1591 adeo
1170 1560 1242 1591 resist
1261 1565 1349 1593 ntiam
1367 1561 1417 1593 soli
1438 1561 1548 1594 facilius

323 1604 449 1632 vincunt.
471 1602 712 1646 Hypomochlion
732 1602 777 1634 seu
800 1570 998 1634 AElcimenrum
1014 1605 1101 1634 vcffis
1121 1607 1149 1634 in
1169 1615 1204 1634 eo
1223 1606 1260 1635 est
1276 1608 1382 1648 punem
1396 1605 1474 1649 quod
1489 1617 1548 1637 ran-

321 1647 363 1686 git
382 1656 452 1676 rotae
467 1644 714 1681 circumferentia,
735 1649 777 1676 vis
798 1649 903 1677 morrix
920 1648 948 1676 in
970 1658 1067 1677 centro
1086 1645 1170 1690 ipfius
1195 1659 1263 1678 rotae
1278 1670 1286 1683 ,
1301 1661 1356 1692 qua
1373 1660 1450 1690 parte
1475 1648 1547 1680 scili-

321 1699 365 1719 cet
385 1687 417 1719 fit
433 1691 533 1719 tractio
550 1701 558 1723 3
584 1687 734 1720 resistentia
748 1689 787 1719 est
810 1692 838 1720 in
862 1701 896 1719 eo
914 1689 979 1719 loco
995 1712 1003 1725 ,
1025 1690 1073 1721 ubi
1094 1693 1186 1730 major
1203 1695 1327 1722 occurrit
1341 1692 1414 1723 obex
1427 1714 1436 1727 ,
1457 1694 1548 1722 nimi-

320 1741 383 1761 rum
400 1735 472 1763 inter
492 1733 650 1775 supremam
675 1735 704 1763 &
725 1731 855 1763 infimam
884 1743 963 1763 terrae
983 1732 1122 1763 mollioris
1142 1744 1205 1776 quae
1232 1733 1383 1765 scindenda
1401 1735 1457 1770 est,
1481 1747 1546 1777 para

319 1783 376 1804 tem
390 1796 399 1809 ,
427 1778 458 1805 ὃ(
483 1774 558 1817 quasi
580 1777 611 1805 in
633 1785 731 1806 centro
751 1778 896 1819 gravitatis
913 1774 997 1819 ipsius
1019 1775 1177 1808 ttsistentiae
1197 1798 1207 1812 ,
1233 1787 1318 1820 quam
1338 1781 1430 1820 major
1458 1780 1546 1810 vcffis

318 1815 429 1849 facilius
452 1821 550 1850 vincit.

361 1861 439 1891 Cum
458 1872 551 1892 autem
567 1872 600 1891 cx
623 1859 749 1891 firmiore
774 1860 834 1891 solo
856 1865 884 1893 in
898 1861 1014 1893 mollius
1033 1874 1094 1894 rota
1120 1862 1267 1893 descendit
1280 1885 1290 1898 ‚
1308 1874 1353 1895 aut
1376 1863 1496 1895 viciffim
1511 1877 1545 1898 ex

317 1903 450 1935 molliori
464 1906 493 1934 in
518 1903 653 1939 solidius,
668 1903 696 1935 id
715 1902 816 1947 firpcr
837 1905 979 1935 ascensum
997 1906 1150 1947 quemdam
1177 1909 1207 1937 ἅτ
1228 1906 1392 1938 descensum
1415 1908 1488 1950 quasi
1515 1911 1545 1939 in

319 1947 405 1990 plano
426 1946 589 1981 inclinaro;
618 1958 734 1989 tumque
752 1951 828 1978 varia
850 1947 903 1978 csse
921 1948 1032 1992 poliunt
1051 1952 1132 1980 unius
1153 1961 1209 1992 pra·
1231 1949 1317 1981 altera
1346 1962 1393 1983 aut
1410 1963 1545 1982 commo-

318 1991 373 2026 da,
399 2001 445 2021 aut
464 1990 650 2021 incommoda
666 2012 675 2025 ‚
702 2000 766 2032 qua:
790 2002 823 2021 cx
848 1992 928 2022 chte
953 1995 983 2022 ἃ
1009 1990 1096 2035 plano
1121 1991 1258 2035 inclinato
1279 1996 1353 2025 inter
1379 1995 1407 2026 se
1433 1993 1544 2026 collatis

317 2033 468 2066 ducuntur.

351 2078 406 2107 Sed
428 2076 477 2107 ubi
498 2075 588 2108 solum
612 2075 649 2107 cst
665 2076 792 2120 asperum
817 2081 846 2108 ὅ(
869 2077 992 2109 filicibus
1020 2077 1211 2114 salebrosum,
1231 2091 1292 2111 tum
1315 2078 1450 2111 succussus
1471 2079 1543 2112 fiunt

316 2119 464 2157 duriores,
485 2130 566 2163 atque
586 2121 629 2151 his
652 2118 815 2164 superandis
840 2125 962 2164 majores
989 2132 1062 2153 rotas
1084 2120 1137 2153 esse
1162 2126 1250 2165 magis
1276 2122 1391 2154 idoneas
1410 2135 1443 2154 ex
1466 2123 1543 2165 plani

1414 2166 1543 2199 inclinati
