1638 2345
294 114 591 145 ACADEMIAE
626 113 939 144 HISTORIA.
975 115 1054 145 Liss.
1092 117 1156 149 IV.

97 167 148 201 per
164 155 290 188 canalem
309 161 338 188 in
363 169 475 187 ramum
497 156 666 188 inferiorern
686 168 771 187 aortae
790 156 928 199 ingressus
950 159 980 186 in
1003 169 1106 189 venam
1121 172 1220 192 cavam
1241 131 1328 201 redit?
1353 167 1438 195 Ana-

97 212 190 243 neque
206 212 255 243 per
270 200 420 245 pulmones
441 203 578 234 traiicitur
593 223 600 235 ,
617 200 679 231 duae
700 200 793 231 alterae
814 199 968 243 pulmones
994 202 1210 244 pertranseunt,
1239 210 1268 237 ἃ
1295 211 1325 238 in
1334 211 1439 242 tomica.

97 243 252 275 auriculam
273 244 368 275 cordis
387 244 523 275 finistr'am
536 243 672 274 decidunt
685 267 695 279 ‚
715 244 764 274 ubi
783 245 812 273 in
828 244 897 274 duas
907 255 998 287 partes
1015 244 1183 278 dividuntur
1197 274 1205 286 ,
1224 262 1279 280 una
1291 263 1325 282 ex

94 289 129 317 iis
152 300 200 330 per
215 287 343 319 fut-amen
364 288 446 319 ovale
467 291 496 318 in
517 287 648 319 dextrum
665 287 759 318 cordis
778 287 970 318 ventriculum
988 300 1094 319 remeat
1106 315 1114 328 ‚
1136 302 1189 322 nec
1208 292 1243 322 ad
1262 292 1328 326 sini-

95 330 182 361 strum
205 332 300 362 cordis
322 330 434 366 finum,
457 343 504 362 aut
525 330 561 361 ad
575 331 695 375 reliquas
716 335 844 374 corporis
864 343 955 375 partes
973 332 1109 375 appellit:
1125 346 1186 378 quae
1207 337 1326 378 quidem

95 385 159 416 pars
178 375 297 406 secunda
315 375 455 417 sanguinis
470 397 479 410 ‚
504 386 532 406 ut
550 377 640 418 prima
652 397 661 409 ,
685 373 797 405 tantum
816 386 874 405 uno
899 387 1015 419 quoque
1030 379 1149 409 circuitu
1164 390 1213 409 cor
1233 380 1326 422 ipsum

95 417 184 449 foetus
205 419 284 454 adit,
307 421 349 448 uti
369 418 500 449 universa
516 418 656 461 sanguinis
680 418 765 448 maffa
789 420 819 449 in
845 419 983 450 testudine
1002 433 1008 450 :
1030 420 1076 451 sed
1097 433 1160 464 pars
1183 423 1328 465 sanguinis

95 464 177 495 tertia
193 472 255 503 quat
280 473 328 504 per
351 473 460 492 aoi’ttim
479 463 623 497 excurrit,
649 472 760 493 tantum
782 464 888 492 itineris
915 466 944 493 in
972 463 1046 494 foetii
1065 463 1185 496 conficit
1199 489 1207 501 ‚
1235 477 1328 508 quan-

95 501 158 534 turn
177 508 323 535 universus
344 505 453 546 languis
475 507 503 534 in
524 505 642 535 homine
661 527 670 540 ,
696 507 745 547 qui
773 507 801 534 in
825 517 992 548 unaquaque
1013 507 1198 539 circulatione
1215 510 1250 540 ad
1279 521 1331 542 cor

94 545 138 576 bis
163 547 338 579 revolvitur:
365 547 492 588 primum
517 547 585 578 cum
608 559 678 578 vena
693 559 760 579 cava
783 548 949 591 sanguintm
970 553 998 580 in
1027 550 1160 582 dextrum
1185 556 1331 585 ventricu-

93 588 154 620 lum
176 602 311 621 exonerat
326 616 334 628 ,
354 591 457 621 deinde
479 590 546 620 cuin
569 602 648 622 venae
666 591 836 633 pulmonum
856 604 918 622 eam
944 592 1089 635 sanguinis
1105 598 1271 638 portionem
1297 599 1328 628 in

92 631 184 663 sinum
208 634 302 664 cordis
323 633 462 664 sinistrum
478 634 619 666 deferunt.
646 636 725 665 Hinc
741 646 790 664 cor
808 633 898 666 foetsis
920 635 1045 667 debilius
1068 639 1106 668 est
1123 639 1209 682 quam
1231 642 1330 671 utcir-

91 675 216 707 cularcm
238 677 378 720 sanguinis
403 689 514 708 motum
537 678 646 708 tamdiu
664 680 733 708 citra
756 678 971 722 respirationem
995 684 1168 717 continuet,
1190 682 1328 724 quamdiu

93 720 202 750 testudo
222 723 300 764 ipsa:
318 720 366 751 etfi
389 720 519 752 foramen
533 721 616 752 ovale
633 725 662 752 Ec
686 721 791 752 canalis
816 726 844 752 in
873 723 1000 765 utrisque
1019 726 1072 754 iter
1098 725 1239 765 sanguinis
1262 725 1328 757 bre-

92 765 153 793 vius
183 766 213 794 &
240 763 350 795 facilius
374 762 520 799 efficiant,
548 764 636 808 quam
664 768 692 795 in
716 764 814 796 adulto
834 765 962 796 homine.
985 767 1123 797 Praeterea
1145 760 1243 799 {adem
1261 781 1326 800 mo-

91 804 132 835 les
148 805 290 849 sanguinis
306 811 334 838 in
357 806 431 838 foetu
450 808 465 837 a
480 807 566 838 corde
580 807 695 850 pellitur
709 830 718 843 ,
740 818 802 850 quae
823 811 851 838 in
874 820 942 839 nato
964 810 1099 844 homine,
1117 815 1245 854 corporis
1259 824 1328 854 pro-

91 852 225 891 portione
250 850 356 881 servata
377 850 496 881 eandem
522 850 696 882 celeritatem
715 851 781 881 huic
804 854 942 895 impertiti
958 852 1043 883 debet
1055 879 1064 892 ,
1079 856 1152 883 vires
1169 857 1242 886 inter
1255 855 1328 886 duos

91 892 187 924 cordis
201 894 377 925 ventriculos
396 893 496 924 divisae
510 893 589 929 sunt,
611 905 641 924 ut
663 898 691 925 in
707 895 832 924 hominis
851 895 937 925 corde
952 907 960 930 3
980 908 1072 939 mque
1088 897 1160 926 adeo
1181 897 1269 929 foetus
1283 910 1330 929 co-

90 934 158 965 dem
180 940 317 980 temporis
338 937 427 980 spatio
450 936 540 980 potest
553 937 738 980 respiratione
756 940 860 979 privari
873 960 881 972 ‚
896 949 936 967 xic
952 939 1062 968 testudo
1076 939 1134 981 ipsa
1148 962 1158 975 ‚
1180 945 1260 983 cujus
1277 953 1327 972 cor

91 981 187 1010 minus
200 979 342 1022 sanguinis
358 980 520 1022 protrudit,
534 983 564 1010 &-
577 983 685 1012 minori
704 979 865 1016 celeritate,
884 985 962 1023 cujus
974 981 1092 1012 demum
1106 985 1179 1014 vires
1195 986 1224 1014 in
1236 996 1327 1016 unum

91 1026 180 1065 magis
201 1023 330 1054 collee‘oe
355 1023 415 1054 sunt
433 1023 519 1065 quam
540 1026 570 1054 in
592 1022 676 1060 foem,

137 1068 210 1097 Haec
234 1067 298 1097 sane
318 1065 337 1098 si
356 1065 452 1098 minus
475 1078 541 1098 vera
555 1090 564 1102 ,
583 1080 639 1111 qua
653 1067 688 1098 de
706 1079 734 1098 re
755 1077 850 1098 meam
875 1067 1042 1098 sententiam
1069 1078 1128 1098 non
1146 1069 1301 1112 interpono
1314 1092 1325 1106 ,

88 1110 165 1139 certe
187 1122 256 1140 vero
276 1113 405 1153 proxima
424 1110 570 1141 videntur.

131 1153 391 1193 Qemadmodum
413 1156 442 1184 ἃ
465 1153 589 1196 idipsum
610 1152 690 1194 quod
709 1154 738 1183 in
758 1153 833 1183 calce
848 1153 901 1184 suae
915 1151 1118 1184 dissertationis
1138 1153 1268 1196 subjicit,
1282 1158 1328 1187 ni-

89 1198 196 1226 mirum
219 1196 257 1227 ob
273 1197 386 1227 easdem
411 1199 535 1227 rationes
557 1200 587 1228 in
609 1197 697 1227 foetus
715 1199 840 1237 jecinore
855 1196 982 1227 canalem
996 1199 1267 1229 communicationis
1281 1203 1327 1231 in-

89 1248 131 1269 ter
153 1251 231 1270 vcnae
247 1252 321 1271 cavae
343 1251 477 1271 truncum
500 1238 667 1271 inferiorem
678 1260 688 1274 ,
710 1243 740 1270 &
756 1250 888 1270 truncum
909 1251 988 1270 venae
1002 1251 1091 1282 porta:
1108 1239 1122 1268 ὲ
1137 1251 1243 1272 naturae
1256 1246 1326 1284 opi-

88 1280 142 1312 fice
157 1293 286 1323 aptatum
306 1282 386 1313 fuiffe
397 1305 406 1318 ,
421 1283 480 1325 quo
493 1283 601 1326 sanguis
612 1281 735 1312 faciliori
749 1285 777 1312 ὅ(
796 1281 923 1312 breviori
937 1286 983 1312 via
999 1285 1153 1323 trajiciatur
1165 1305 1174 1318 ‚
1187 1288 1237 1326 qui
1252 1285 1323 1316 alio-

87 1327 137 1366 qui
157 1337 217 1356 non
239 1327 301 1357 satis
320 1328 426 1357 virium
449 1325 586 1362 haberet,
609 1329 657 1367 qui
674 1336 707 1354 ex
727 1336 798 1355 vena
810 1324 967 1355 umbilicali
988 1337 1038 1365 pei·
1051 1336 1145 1355 ramos
1165 1337 1243 1358 vcnae
1257 1340 1325 1371 por-

87 1377 122 1397 ta:
141 1368 250 1411 hepatis
271 1369 422 1411 glandulas
437 1393 446 1407 ,
470 1373 499 1400 &
520 1367 658 1412 dispersos
681 1369 710 1397 in
729 1378 763 1398 eo
787 1367 893 1398 viscere
915 1366 1041 1397 ramulos
1061 1366 1097 1397 ad
1119 1378 1168 1397 cor
1189 1376 1324 1413 perveni-

88 1421 142 1442 ret.

130 1455 290 1495 Intetjeffis
313 1455 422 1497 aliquot
438 1454 536 1485 diebus
565 1453 643 1484 aliud
663 1452 678 1482 a
699 1453 726 1482 se
757 1452 865 1484 faekum
888 1455 1118 1496 experimentum
1142 1452 1262 1495 subjecit
1282 1459 1322 1490 D.

87 1497 174 1538 Mery
190 1518 198 1531 ,
218 1498 304 1539 ligata
321 1501 458 1529 nimirum
476 1495 634 1527 vena—cavei
645 1519 654 1532 ‚
671 1498 701 1527 ἃ
716 1507 795 1527 aorra
810 1497 935 1540 asperam
948 1499 1081 1527 arteriam
1091 1495 1235 1541 perflavit,
1248 1509 1310 1530 tum

84 1550 140 1582 que
158 1544 207 1572 a’e'r
226 1541 309 1573 subiit
322 1541 458 1573 auriculas
479 1541 582 1573 cordis,

132 1586 179 1614 De
204 1588 287 1616 variis
313 1587 407 1617 astum
422 1585 460 1615 cst
481 1584 615 1615 remediis
631 1596 637 1615 ε
654 1587 726 1615 inter
741 1583 795 1615 alia
817 1585 856 1614 D.
877 1582 992 1614 Dodatt
1003 1604 1013 1618 ,
1037 1593 1092 1624 qua
1109 1586 1218 1614 ratione
1234 1587 1323 1615 urinae

87 1624 244 1670 suppressio
264 1628 279 1658 ὲ
309 1630 348 1658 D.
373 1627 494 1670 Joubert
519 1639 613 1659 curata
639 1626 723 1658 fuerit
738 1650 747 1664 ,
779 1639 831 1657 nos
849 1627 984 1658 edocuit:
1004 1637 1108 1670 nempe
1132 1625 1223 1657 vesica
1242 1628 1322 1671 supra

86 1680 118 1699 os
134 1670 217 1713 pubis
234 1671 344 1715 pertusa
360 1670 425 1702 fuit.
455 1671 536 1702 Idem
569 1682 684 1712 quoque
704 1670 852 1702 admonuit
871 1670 1033 1701 arthriticos
1061 1670 1177 1701 dolores
1197 1670 1212 1699 ὲ
1241 1682 1321 1700 non-

85 1715 201 1745 nemine
226 1714 314 1746 sedari
328 1737 337 1750 ‚
365 1726 473 1758 partem
507 1714 638 1745 affectam
671 1717 770 1744 urticis
811 1712 1001 1744 verberando.
1044 1713 1125 1743 Idem
1157 1717 1187 1744 in
1218 1713 1320 1744 morfi-

85 1754 139 1787 bus
157 1767 260 1788 canum
275 1757 441 1789 rabidorum
457 1760 496 1789 ait
517 1758 681 1801 sanguinem
697 1759 820 1800 exprimi
834 1768 967 1799 oportere
987 1756 1002 1786 ὲ
1017 1755 1153 1795 vulnere,
1168 1768 1239 1799 aqua
1250 1755 1318 1787 salsa

86 1800 222 1840 perfundi
245 1801 340 1844 saepius
354 1825 362 1837 ‚
390 1812 442 1832 nec
464 1801 566 1832 vulnus
587 1801 735 1842 ligandum
753 1824 760 1831 .
786 1811 833 1831 aut
849 1799 1074 1831 obducendum:
1099 1811 1171 1843 aqua
1191 1799 1262 1830 vero
1275 1801 1318 1829 sa-

87 1841 135 1878 le,
162 1854 300 1884 quantum
321 1856 418 1888 capere
443 1846 552 1887 potest,
567 1845 717 1875 imbuatur.

135 1887 280 1918 Adversus
298 1890 459 1930 viperarum
486 1892 516 1920 &
540 1898 745 1919 venenatorum
765 1885 933 1918 animalium
945 1887 1055 1917 morsus
1079 1886 1162 1918 salem
1181 1893 1316 1916 commu->

88 1941 155 1960 nem
172 1929 280 1961 utiliter
300 1930 429 1962 adhiberi
448 1931 524 1974 posse
541 1943 573 1961 ex
600 1943 634 1961 eo
654 1928 806 1971 colligebat
831 1931 872 1960 D.
897 1930 982 1961 Dela
1000 1933 1094 1964 Hire,
1115 1929 1192 1972 quod
1208 1931 1236 1959 in
1260 1928 1316 1959 sui‘s

87 1973 123 2003 de
147 1976 244 2016 vipera
267 1977 467 2016 experimentis
489 1974 579 2005 asserit
602 1976 642 2006 D.
664 1974 789 2008 Charus,
805 1972 912 2004 multos
932 1972 1003 2003 olim
1030 1970 1114 2002 salem
1129 1982 1315 2002 communem

88 2015 137 2047 sub
159 2016 248 2061 specie
269 2017 330 2048 salis
355 2020 457 2060 viperae
473 2015 651 2049 vendidisse:
682 2016 731 2048 nifi
755 2019 831 2046 enim
855 2017 965 2060 aliquos
984 2015 1099 2057 juvall'et
1113 2038 1121 2051 ‚
1141 2015 1168 2045 id
1194 2014 1314 2046 remedii

88 2069 176 2099 genus
198 2060 280 2090 brevi
305 2059 476 2091 infamatum
501 2061 614 2091 fuiss‘cr:
638 2059 709 2091 illud
733 2071 846 2103 quoque
873 2071 931 2089 non
962 2058 1061 2089 inutile
1085 2057 1211 2088 fututum
1235 2057 1313 2099 judi-

89 2102 167 2134 calat
180 2126 188 2138 ‚
209 2103 225 2133 si
244 2103 331 2135 suern>
352 2105 443 2135 statim
467 2103 647 2137 adhiberetur
659 2125 669 2139 ,
689 2103 749 2146 quo
782 2113 926 2145 venenum
944 2101 1021 2134 foras
1035 2101 1162 2146 prodiret
1177 2125 1186 2138 ,
1198 2111 1250 2132 nec
1266 2102 1311 2132 in-
