1638 2345
333 108 364 145 58
625 102 1261 136 REGIAESCIENTIARUM

221 151 309 177 Asu.
329 152 467 179 titionem
489 146 525 178 ad
551 146 633 179 usum
653 151 742 189 magis
767 146 1013 178 accommodatam
1037 171 1046 185 ,
1071 150 1151 189 cujus
1170 158 1262 189 partes
1287 149 1317 178 δε
1341 147 1508 179 structuram
1530 150 1561 180 in

217 194 298 220 1668.
329 191 484 222 Academia
508 190 645 234 exposuit.
685 193 772 222 Varia
793 189 913 222 subinde
940 192 1133 233 experimenta
1159 191 1234 220 faeta
1254 189 1316 221 sunt
1332 213 1341 225 ,
1368 191 1506 234 ingeniosi
1528 195 1560 224 δε

218 237 246 264 ἃ
263 240 310 270 69.
327 235 429 266 cruditi
450 247 511 267 tum
529 237 640 276 juvenis
662 235 702 267 D.
725 235 817 278 Papin
841 233 905 265 usus
924 245 1011 276 opera
1033 255 1042 269 ,
1076 244 1138 275 quae
1161 234 1254 276 postea
1275 233 1382 275 publici
1405 238 1474 276 juris
1493 233 1560 266 fecit

327 288 403 309 anno
428 285 518 318 1674.
532 278 579 309 ubi
598 277 820 321 descriptionem
844 277 984 308 machina:
1007 287 1167 307 accuratam
1187 276 1328 312 tradidit,
1353 279 1384 307 &
1409 277 1561 309 illustriora

326 323 399 351 circa
416 321 560 366 liquorum
580 321 833 352 fermentationem
847 343 857 356 ‚
876 319 1035 364 plantarum
1055 323 1263 363 vegetationem
1281 343 1290 356 ‚
1311 331 1465 363 corporum
1485 332 1561 352 con-

325 362 514 396 servationem
533 364 606 396 sadra
623 368 815 408 experimenta
828 362 951 394 dilucide
963 362 1091 407 exposuit
1105 367 1134 394 in
1153 375 1187 394 eo
1207 363 1305 395 libello
1320 374 1405 406 quem
1425 365 1560 396 Domino

325 407 447 450 lingens
468 407 606 452 inscripsit
629 421 636 439 :
658 408 731 439 adeo
751 419 781 439 ut
804 406 876 438 nihil
897 406 1003 437 necesse
1022 405 1053 437 sit
1071 417 1105 437 ea
1126 417 1201 437 nunc
1218 418 1343 449 regerere
1362 418 1424 449 qua:
1440 411 1468 438 in
1483 409 1561 438 Ger-

324 461 417 482 mania
432 475 440 486 ,
463 452 479 481 Ξι
508 453 547 483 D.
574 454 686 483 Getixe
710 454 804 493 primo
825 451 908 491 hujus
927 450 1065 480 machinae
1089 452 1239 481 inventore
1255 476 1262 487 ,
1285 461 1346 480 turn
1367 453 1396 481 in
1415 450 1522 493 Anglia
1546 451 1562 482 ἓι

325 494 366 524 Ι).
393 494 482 534 130er
498 499 547 537 qui
569 493 689 525 eandem
715 494 800 537 longe
823 493 1025 535 perfectiorem
1045 491 1142 524 effecit
1164 515 1174 528 ,
1204 493 1309 524 deinde
1329 496 1357 524 in
1384 495 1499 525 Batavia
1526 498 1559 525 &

325 537 418 568 Gallia
437 539 451 568 a
469 541 503 569 D.
527 540 646 581 Hugens
661 537 696 568 dc
709 538 865 568 Zulichem
878 559 887 572 ,
909 539 957 580 qui
980 538 1009 567 in
1030 547 1091 566 eam
1111 534 1234 566 formam
1251 562 1259 576 ‚
1277 547 1339 578 quae
1356 548 1432 567 nunc
1453 538 1491 567 cst
1505 537 1560 567 usi-

322 591 377 610 tata
392 606 400 618 ,
421 581 500 611 illim
520 581 638 623 redtgit.
671 584 704 611 ln
723 581 877 611 Academia
894 580 1018 620 denique
1039 578 1200 610 florentina
1217 582 1247 610 &
1267 579 1372 622 ubique
1393 580 1450 610 fue
1469 591 1558 611 tetra-

322 635 384 654 rum
403 626 500 656 iterata
515 628 710 667 experimenta
727 635 864 666 magnum
880 621 1004 664 Physica:
1023 621 1119 653 lumen
1138 622 1302 654 intulerunt.

373 668 422 699 II.
459 668 602 710 Perpauca
621 668 635 697 ὲ
656 667 754 698 multis
777 667 898 696 referam
914 689 923 701 ,
946 664 1024 710 quod
1047 668 1150 696 acriori
1171 665 1353 697 meditationi
1370 664 1465 697 locum
1485 678 1558 709 prx-

323 708 388 740 bcre
411 711 559 742 videantur
587 733 596 746 ,
630 709 783 741 Pisciculus
811 709 922 740 Gobius
950 709 1038 750 vulgo
1067 710 1171 748 Goujon
1193 708 1244 740 sub
1272 711 1424 751 recipiente
1453 709 1558 752 positus

322 754 456 784 exhausto
476 757 541 785 acre
560 766 618 784 non
643 756 783 784 extinctus
805 753 865 791 est,
890 751 936 783 sed
958 750 1078 783 admisso
1104 754 1168 782 ae're
1192 752 1226 783 ad
1250 750 1372 783 fundum
1394 752 1464 782 vasis
1485 764 1558 797 aqua

321 795 399 837 pleni
417 797 523 828 decidit
545 820 554 832 ‚
578 809 611 828 co
637 796 756 827 disiecto
775 794 894 827 vesicula
918 799 983 826 aete
1004 806 1091 826 vacua
1112 806 1222 838 reperta
1242 796 1279 826 est
1293 817 1301 831 ,
1325 794 1410 837 idque
1426 799 1454 826 in
1475 796 1557 828 causa

321 837 372 870 fuit
410 845 563 883 quominus
599 840 707 871 sursum
743 839 891 870 ascendere
922 841 1054 882 potuerit.
1092 851 1118 870 2.
1158 841 1297 880 Butyrum
1319 840 1359 874 gin
1403 842 1457 871 reci
1481 841 1556 871 iente

320 882 440 925 positum
471 885 603 915 exhausto
638 886 702 914 a‘e're
732 894 875 926 campana:
904 882 1038 913 candenti
1057 881 1216 923 subJ'etstum
1248 883 1286 914 est
1308 904 1317 917 ‚
1352 892 1383 912 ut
1413 885 1443 913 in
1466 894 1482 913 e
1514 882 1554 914 li.·

320 938 418 968 queret
437 939 472 958 au
495 927 572 958 caloi-
597 927 717 970 spatium
737 929 801 957 οὒτε
824 937 944 956 vacuum
968 936 1126 968 penetraret
1150 939 1156 956 :
1179 924 1287 956 sublata
1307 936 1445 968 campana
1459 951 1468 965 ,
1489 928 1556 969 post

319 973 446 1011 quinque
471 982 517 1001 ant
539 970 584 1001 sex
605 972 682 1001 horae
709 974 818 1001 minuta
840 969 975 1009 butyrum
995 968 1095 1000 mansit
1115 971 1260 1011 integrum
1277 991 1286 1004 ‚
1309 979 1368 998 non
1392 967 1554 1011 liquatum,

319 1012 427 1044 taznetfi
448 1016 584 1056 recipiens
605 1013 729 1044 multum
757 1010 912 1042 incaluisset
930 1024 938 1047 ·‚
967 1011 1013 1042 scd
1038 1011 1144 1054 butyro
1166 1013 1249 1042 altius
1272 1010 1380 1042 sublato
1395 1034 1404 1047 ‚
1428 1011 1500 1043 adeo
1522 1024 1555 1044 ut

320 1055 408 1087 tribus
429 1067 540 1087 tantum
566 1055 663 1099 digitis
690 1055 705 1085 ὲ
728 1055 854 1098 suprema
876 1058 1035 1098 recipientis
1050 1066 1130 1098 parte
1148 1054 1262 1085 distaret
1277 1077 1286 1090 ,
1310 1054 1401 1085 statim
1421 1054 1451 1085 id
1464 1059 1554 1099 coepit

320 1097 472 1140 liquescere
495 1111 503 1132 ·‚
521 1097 640 1130 admisso
660 1102 724 1129 a’e're
746 1103 775 1130 &
798 1098 903 1129 sublata
923 1109 1058 1142 campana
1080 1097 1165 1140 longe
1185 1100 1267 1128 citius
1292 1095 1479 1140 liquefactum
1503 1100 1553 1131 est.

320 1154 342 1179 3.
371 1142 445 1173 Illud
459 1145 545 1174 ctiam
568 1145 689 1186 experiri
711 1141 816 1184 placuit
836 1153 931 1172 utrum
953 1144 982 1171 in
1007 1152 1096 1172 vacuo
1111 1142 1212 1184 planta:
1234 1152 1406 1184 vegetarent.
1441 1143 1554 1174 vascu-

319 1185 377 1215 lis-n
402 1197 473 1217 terra
499 1185 618 1229 plenum
639 1197 706 1216 cum
736 1184 888 1216 seminibus
909 1184 1069 1227 plantarum
1087 1195 1149 1227 quae
1176 1187 1334 1226 germinare
1360 1185 1551 1228 incipiebant,

317 1231 461 1273 rs-ipienti
477 1228 640 1272 impositum
655 1228 709 1260 fuit
732 1239 740 1262 3
761 1227 837 1259 aliud
855 1239 971 1272 quoque
989 1226 1134 1258 vasculum
1147 1238 1218 1270 aqua
1238 1226 1355 1271 plenum
1371 1226 1408 1258 sic
1424 1239 1551 1271 aptatum

317 1272 353 1302 ‹st
368 1295 374 1306 ,
398 1284 427 1303 ut
446 1273 570 1304 ramulus
590 1272 694 1316 plamae
715 1283 780 1302 cum
797 1271 922 1302 flosculis
946 1271 1000 1301 suis
1019 1271 1085 1301 huic
1107 1273 1324 1314 immergeretur
1348 1282 1357 1306 ’,
1381 1270 1489 1302 sublato
1505 1283 1551 1303 re-

317 1319 438 1356 cipiente
457 1327 511 1346 una
528 1328 593 1349 cum
610 1315 730 1347 vasculis
750 1314 844 1347 herbae
859 1327 924 1347 cum
949 1313 1068 1346 floribus
1089 1314 1149 1358 post
1172 1325 1222 1350 24.
1239 1315 1324 1345 horas
1340 1337 1348 1349 ,
1367 1326 1397 1346 ut
1412 1314 1550 1358 imposita:

317 1357 425 1390 fuerant
448 1383 458 1396 ‚
491 1359 527 1390 sic
551 1371 737 1403 apparuerunt
767 1373 774 1390 z
801 1370 860 1389 non
880 1361 958 1389 enim
978 1369 1144 1390 exaruerant
1162 1381 1172 1394 ,
1191 1369 1242 1388 nec
1265 1369 1470 1394 excreverant,
1496 1370 1551 1390 nec

317 1401 401 1433 flores
419 1415 465 1434 aut
482 1414 603 1446 gemmae
622 1402 677 1433 sese
690 1401 867 1434 evolverant.
903 1401 959 1433 Sed
976 1404 1129 1445 recipiente
1152 1401 1211 1432 Soli
1227 1400 1374 1446 exposito,
1395 1404 1445 1443 qui
1462 1399 1550 1435 flores

315 1444 329 1474 :i
351 1445 434 1477 radiis
457 1446 593 1478 solaribus
614 1445 676 1478 sunt
698 1444 815 1491 percussi
836 1446 926 1477 statim
946 1457 1102 1484 aruerunt,
1121 1445 1136 1475 ὲ
1158 1457 1230 1476 terra
1256 1455 1375 1488 vapores
1397 1443 1550 1477 exhalave-

315 1500 377 1519 rant
392 1511 400 1524 ‚
412 1493 494 1533 quiin
507 1489 630 1532 guttulas
641 1513 650 1526 ‚
673 1501 751 1532 aquae
762 1489 975 1520 concrescentes
986 1491 1052 1520 vitri
1070 1487 1223 1532 parietibus
1232 1487 1466 1520 adhaetescebant.
1481 1489 1548 1521 Post

314 1532 373 1561 dues
398 1535 466 1564 octo
497 1545 555 1564 non
585 1533 795 1564 contemnenda
818 1544 830 1562 a
855 1545 895 1564 ua:
922 1534 1066 1574 quantitas
1087 1535 1116 1563 in
1135 1531 1226 1562 fundo
1247 1533 1409 1575 recipientis
1433 1531 1547 1566 resedit.

317 1577 428 1606 Mirum
444 1576 509 1608 sane
535 1588 653 1620 vapores
674 1580 702 1607 in
723 1587 811 1608 vacuo
834 1546 940 1607 sinsum
964 1575 1048 1614 tolli,
1072 1586 1136 1606 cum
1158 1578 1186 1605 in
1209 1586 1243 1605 eo
1263 1574 1397 1618 plumulae
1412 1597 1421 1610 ,
1445 1578 1477 1606 ὃ(
1505 1575 1547 1606 le-

315 1617 424 1650 veffiim
445 1630 564 1662 qumque
587 1631 709 1662 corpora
736 1619 819 1651 instar
841 1618 953 1662 plumbi
977 1618 1119 1649 decidant.
1154 1620 1187 1649 Et
1213 1629 1306 1648 tamen
1329 1617 1446 1661 guttula:
1468 1628 1547 1660 aqnae

315 1662 464 1693 herbarum
482 1661 559 1694 foliis
575 1662 685 1694 inclusis
704 1663 787 1693 instar
813 1665 885 1693 roris
907 1661 1026 1692 insidere
1040 1661 1168 1705 quotidie
1190 1661 1359 1692 videbantur
1372 1683 1382 1696 ,
1405 1671 1468 1703 qua·
1485 1663 1547 1693 Soli

313 1705 444 1747 exposita·
464 1707 554 1737 statim
576 1706 790 1738 evanescebant.
827 1708 909 1744 Qiin
934 1717 1003 1747 aqua
1025 1708 1052 1735 in
1071 1704 1202 1736 tubulum
1222 1716 1268 1735 aut
1290 1703 1448 1747 syphonem
1477 1717 1546 1748 pto-

314 1748 456 1779 lmtnrinm
475 1750 579 1780 sursum
601 1750 635 1780 acl
655 1749 727 1781 duos
742 1749 828 1792 usque
840 1749 946 1789 digitos
965 1748 1136 1779 asiendetat.
1172 1749 1230 1778 Hic
1249 1746 1333 1778 tubus
1347 1758 1425 1790 parre
1448 1747 1485 1779 sui
1499 1751 1546 1779 in-

311 1790 379 1822 fima
400 1796 428 1822 in
446 1805 492 1823 viis
514 1792 670 1834 subjeetum
693 1804 764 1835 aqua
776 1786 891 1836 plenum
912 1795 1091 1833 immergitur
1107 1813 1114 1826 ‚
1139 1802 1260 1834 cumque
1279 1802 1350 1832 aqna
1365 1793 1460 1821 omnis
1475 1791 1544 1823 tubo

309 1845 442 1867 contenta
460 1837 590 1872 decidit,
614 1837 753 1867 indicium
767 1836 805 1866 est
827 1839 890 1866 :i'e'ra
912 1835 927 1865 ὲ
949 1839 1101 1878 recipiente
1126 1834 1261 1865 eductum
1285 1833 1364 1863 fiiisl'e
1386 1847 1392 1864 2
1416 1834 1493 1866 unde
1511 1838 1544 1866 &

309 1878 487 1922 probatorius
505 1879 598 1910 dietus
619 1880 666 1911 cst.
703 1880 780 1912 Cum
804 1883 889 1920 igitur
909 1890 978 1921 aqua
993 1879 1065 1909 ultra
1083 1877 1122 1909 sui
1141 1877 1210 1908 vasis
1236 1876 1414 1917 superficiem
1438 1876 1543 1909 sublata

308 1923 348 1953 est
368 1926 397 1953 in
427 1923 524 1955 tubum
539 1947 547 1959 ‚
569 1923 597 1954 id
618 1926 714 1966 utique
740 1927 833 1954 evenit
847 1945 855 1957 ‚
881 1922 959 1965 quod
979 1925 1028 1952 ae'r
1054 1924 1081 1951 in
1102 1932 1172 1962 aqua
1194 1921 1343 1951 contlus'us
1363 1920 1378 1950 ὲ
1401 1919 1542 1963 pressione

309 1966 468 1998 circumfusi
489 1971 560 1998 a'cris
583 1966 653 1998 liber
675 1967 752 1998 ultro
770 1968 894 2001 exierit,
916 1977 962 1996 aut
982 1976 1098 2006 vapores
1115 1968 1174 1994 vim
1192 1964 1332 1996 classicam
1351 1967 1424 1994 a‘e'tis
1444 1964 1541 2007 adepti

312 2010 348 2039 hu
362 2022 386 2040 ic
408 2009 540 2041 effinstunr
553 2022 735 2054 procrearunt
749 2025 756 2042 ι
771 2021 828 2041 non
849 2012 926 2040 enim
940 2006 1092 2040 verisimile
1112 2008 1148 2037 cst
1165 2019 1335 2038 exteriorem
1353 2012 1418 2038 aera
1437 2019 1486 2050 per
1501 2012 1540 2039 ri-

312 2053 418 2083 wu'ritn
452 2057 613 2100 recipientis
635 2053 744 2086 subiisse
768 2067 776 2090 ·,
800 2052 891 2084 nullas
919 2056 1024 2098 quippe
1044 2050 1136 2083 bullas
1163 2055 1192 2083 in
1216 2062 1287 2095 aqua
1314 2050 1436 2093 subjecta
1459 2054 1539 2084 exci-
