1638 2345
204 171 294 201 Ami.

209 219 295 252 1677.

322 132 379 157 160
657 121 828 156 REGIAE
862 118 1246 153 SCIENTIARUM

360 166 495 199 Alterum
513 167 701 198 Comerarum
716 176 804 209 genus
816 176 898 196 motu
913 162 970 194 fere
988 162 1154 206 retrogrado
1171 175 1270 195 contra
1290 162 1432 206 signorum
1447 162 1550 193 seriem

319 211 417 244 fertur.
444 214 478 242 In
498 222 532 242 eo
548 211 632 242 censu
648 221 708 241 erat
729 210 854 240 Cometa
873 210 940 239 anni
961 211 1035 245 1671.
1053 218 1093 236 uti
1113 210 1142 237 &
1167 205 1238 237 alius
1259 210 1324 237 anni
1346 213 1420 244 1664
1440 229 1449 242 ,
1468 208 1548 245 cujus

320 267 415 287 motus
433 254 468 285 ad
488 266 507 292 4
527 254 614 296 usque
632 253 734 296 gradus
755 254 783 282 in
809 255 933 282 maxima
955 249 1000 279 sua
1024 249 1174 280 velocitate
1197 253 1337 292 pervenit.
1371 251 1467 289 Hujus
1486 260 1550 278 mo-

321 299 367 329 rsis
387 298 461 329 linea
479 296 571 328 multo
587 300 677 339 magis
694 295 731 328 ab
749 294 885 339 Ecliptica
907 292 1077 326 delle-&ebat
1092 315 1102 328 ,
1123 303 1210 335 quam
1235 297 1262 325 iii
1282 296 1314 323 iis
1333 295 1381 335 qui
1405 303 1487 323 mutu
1503 291 1550 322 di-

322 343 400 373 ιςέὶο
421 345 539 372 cientur.

367 384 594 417 Observationes
618 384 676 414 suas
699 384 773 412 circa
797 382 874 411 hune
902 379 1056 410 cometem
1082 379 1203 410 Madriii
1231 378 1315 409 factas
1348 379 1379 408 P.
1406 375 1552 420 Saragossa

322 429 386 458 Soc.
404 426 471 471 Jcsu
489 427 563 458 misit
584 427 619 458 ad
643 428 682 456 D.
698 423 847 455 Cassinurn
866 434 928 466 quae
949 426 977 453 in
994 422 1148 453 Academia
1170 422 1249 453 leche
1271 421 1333 452 sunt
1351 444 1362 458 ,
1383 426 1413 454 &
1432 432 1498 452 cum
1518 423 1553 450 iis

320 483 382 514 qiiae
400 474 426 500 in
439 469 646 501 Obstrvatorio
663 469 742 500 fae'tae
757 467 866 498 fuerant
878 489 888 502 ,
908 466 1028 497 collatae.
1053 466 1278 497 Observationes
1292 464 1349 495 suas
1365 466 1405 496 D.
1419 462 1556 496 Caffitius

320 514 429 557 publici
450 515 519 554 juris
544 512 620 544 ficit.

366 560 430 587 IV.
464 558 525 596 Qi
547 559 632 587 etiarn
656 558 689 586 18
711 554 827 597 Augusti
848 556 973 596 primum
995 552 1079 594 Jovis
1094 550 1242 583 satellitem
1266 560 1368 594 corpus
1384 551 1469 594 Jovis
1488 548 1554 581 sub·

287 608 296 616 ”
321 611 437 630 euntem
457 603 486 630 &
505 611 537 630 ex
555 598 607 630 illo
623 610 771 630 exeuntem
786 601 822 628 ita
840 595 1022 631 observavit,
1041 607 1071 626 ut
1090 595 1105 625 a
1121 595 1196 637 Jove
1211 594 1275 637 ipso
1292 592 1498 629 secerneretur,
1521 596 1553 624 &

323 642 398 674 illius
417 642 519 674 umbra
539 645 567 673 i‘n
587 643 671 685 Jovis
689 652 811 684 corpore
829 639 937 683 semper
957 639 1110 670 videretur.
1135 638 1289 679 Qandam
1305 639 1333 667 in
1346 648 1429 668 motu
1441 635 1556 667 secundi

325 689 356 718 δέ
377 689 452 717 tertii
474 685 599 716 sitellitis
623 684 858 727 irregularitatem
885 682 1096 713 animadvertit.
1139 681 1259 712 Novam
1281 679 1403 724 denique
1429 683 1458 711 in
1479 680 1555 722 Jove

324 730 466 761 mtculam
485 740 547 773 q¹·ae
568 732 596 761 in
613 732 718 769 majori
735 727 819 758 fiscia
835 726 948 756 videtur
967 726 982 755 ὲ
1003 725 1049 756 die
1068 723 1166 767 5Julii
1179 724 1213 755 de
1238 723 1368 754 rehendit
1380 746 1388 758 ,
1405 735 1467 767 quae
1480 723 1558 753 suam

323 772 476 816 periodum
494 775 565 803 intra
578 784 684 803 novem
699 772 835 802 horarum
851 773 880 801 ὃ(
894 781 920 810 55
936 773 1005 800 min.
1019 768 1138 811 spatium
1154 737 1280 798 coniicit.
1293 767 1399 809 Jovcm
1413 770 1451 798 ira
1460 765 1558 808 dispo-

324 816 408 847 situm
431 818 540 846 invenit
563 841 571 852 ,
605 819 635 847 &
665 818 696 847 in
723 826 754 845 ea
783 814 875 844 forma
904 824 958 854 qua
983 823 1040 843 erar
1063 822 1127 841 anre
1156 811 1304 841 biennium
1327 823 1334 840 ε
1357 809 1498 840 maculam
1524 819 1559 839 ex

326 871 382 902 qua
402 859 485 901 Jovis
509 858 720 890 revolutionem
736 860 810 888 circa
829 857 908 887 suurn
928 867 1009 885 axem
1024 854 1234 898 deprehendit,
1255 864 1373 896 qumque
1395 863 1557 887 evanuerat,

328 902 462 933 reducem
481 905 591 933 invenit
610 901 750 933 consimili
767 900 856 931 modo
873 902 945 929 inter
966 897 1062 929 fascias
1078 895 1196 940 positam
1210 920 1220 933 ,
1237 908 1295 939 quo
1312 907 1376 927 ante
1389 896 1560 930 biennium=3

331 948 359 975 in
381 945 477 975 medio
501 944 605 975 scilicet
622 946 706 988 Jovis
729 943 810 975 sitam
832 946 862 973 δε
878 953 911 972 eo
934 941 1020 976 loco,
1047 951 1132 983 quem
1155 944 1232 981 juxta
1250 939 1453 983 Ephcmerides
1469 949 1558 969 occu-

331 1000 395 1031 pare
411 988 508 1018 debuit
535 1001 541 1018 ι
564 987 648 1020 fascia
669 989 768 1020 itidem
789 985 853 1017 alba
874 988 945 1016 inter
965 984 1033 1015 duas
1048 983 1229 1016 obscuriores
1242 1005 1252 1019 ,
1273 994 1303 1014 ut
1324 986 1400 1026 ptius
1414 1005 1424 1019 ,
1445 982 1486 1012 sui
1509 991 1560 1011 co-

334 1035 412 1074 piam
433 1030 510 1062 fecit.

387 1078 426 1104 V.
455 1076 512 1105 Die
536 1090 547 1118 5
575 1073 753 1105 Novembris
777 1073 938 1103 Mercurius
958 1073 987 1101 'in
1006 1070 1071 1100 Sole
1092 1069 1184 1100 videri
1201 1080 1258 1099 non
1280 1072 1372 1117 potuit
1391 1067 1500 1098 Parisiis
1522 1066 1561 1098 ob

332 1117 421 1148 nubes
442 1117 617 1160 interpositas
642 1129 650 1152 ·‚
671 1117 806 1148 sed'visus
826 1115 864 1146 est
882 1116 1033 1146 Avenione
1048 1136 1057 1149 ,
1087 1115 1200 1143 Montis
1222 1112 1360 1143 Pessulani
1375 1137 1384 1150 ,
1405 1115 1434 1142 &
1458 1110 1519 1142 aliis
1533 1113 1563 1140 in

333 1162 415 1192 locis.
439 1162 477 1192 D.
504 1161 599 1192 Galler
616 1161 850 1191 observationem
871 1158 886 1188 ὲ
915 1158 940 1189 se
967 1156 1068 1188 fastam
1089 1157 1241 1186 Avenione
1264 1154 1361 1191 misit,
1388 1165 1476 1198 eaque
1502 1153 1564 1184 satis

332 1215 458 1235 accurata
472 1203 529 1234 visi
546 1204 592 1235 est.
618 1206 746 1245 Tempus
762 1202 840 1244 quod
855 1202 1020 1232 Mercurius
1033 1203 1063 1230 in
1077 1198 1145 1230 Sole
1162 1198 1354 1242 percurrendo
1370 1196 1514 1240 insumpsit
1528 1222 1536 1232 ,
1553 1208 1566 1239 5

335 1247 471 1277 horarum
492 1247 546 1277 fuir
569 1250 598 1277 &
622 1259 657 1285 34
678 1250 747 1276 min.
778 1247 845 1275 Hoc
868 1255 963 1274 autem
983 1242 1095 1284 colligit
1118 1253 1151 1272 ex
1173 1244 1385 1283 comparatione
1400 1239 1565 1271 emersionis

340 1291 478 1320 Mercurii
503 1301 568 1320 cum
586 1293 619 1320 iis
643 1301 711 1331 quas
729 1288 826 1318 habuit
846 1287 938 1318 multo
962 1286 1021 1329 post
1043 1290 1101 1327 ejus
1119 1284 1335 1316 immersionem
1361 1281 1566 1314 observationi,-

340 1334 390 1364 biis
421 1347 429 1364 ;
460 1344 524 1363 cum
551 1332 761 1364 immersionem
786 1330 825 1361 ob
847 1329 935 1361 nubes
959 1327 1134 1372 interpositas
1164 1327 1315 1358 observate
1346 1337 1404 1357 non
1430 1329 1565 1369 poiuerit.

342 1377 420 1407 Cum
443 1388 542 1407 autem*
557 1388 619 1407 eam
632 1375 860 1406 observationem
882 1377 956 1416 typis
973 1371 1078 1402 editam
1097 1369 1275 1414 inscripsisset
1295 1372 1425 1400 Domino
1439 1368 1566 1404 Cissini,

319 1438 324 1444 -
342 1422 419 1457 cujus
436 1420 545 1450 calculo
574 1419 661 1461 ipsm
682 1430 737 1463 prae
759 1420 866 1448 (εισι-ιε
882 1416 1101 1446 consentaneam
1118 1412 1331 1457 deprehendisse
1351 1412 1438 1444 literis
1460 1412 1569 1443 testatus

345 1463 382 1492 est
394 1486 401 1497 ,
419 1474 479 1493 eam
503 1465 540 1493 D.
555 1461 663 1493 Cassini
682 1461 803 1493 contulit
819 1471 887 1491 curn
902 1462 935 1490 iis
955 1470 1022 1500 quas
1038 1455 1196 1488 Gassendus
1219 1459 1344 1501 piimum
1359 1479 1369 1492 ‚
1382 1455 1485 1487 deinde
1505 1458 1569 1486 He-

345 1505 434 1536 veliiis
452 1505 524 1536 olim
543 1516 706 1547 peregerant
729 1518 739 1536 ι
754 1504 830 1533 unde
853 1505 926 1533 inter
939 1513 1038 1532 (εει-[3
1053 1500 1168 1543 collegit
1191 1503 1329 1531 Mercurii
1353 1499 1444 1530 nodos
1459 1501 1487 1528 iri
1510 1500 1570 1529 Ta-

346 1548 419 1578 bulis
450 1549 645 1592 Riidolphinis
668 1546 778 1591 optime
798 1544 852 1576 effe
871 1546 1087 1576 determinatos.
1114 1543 1169 1574 Sed
1188 1555 1221 1573 ex
1242 1543 1359 1586 Eclipsis
1381 1543 1531 1573 duratione
1556 1541 1571 1570 εὶ

347 1592 388 1621 D.
403 1591 498 1621 Galli-i*
516 1591 638 1622 deduCka
661 1589 795 1621 conclusit
816 1588 972 1630 Aphelium
988 1610 997 1623 ,
1019 1586 1064 1618 seu
1085 1590 1238 1618 maximam
1264 1590 1323 1628 ejus
1339 1586 1355 1616 Ξι
1382 1585 1448 1616 Sole
1467 1585 1572 1616 distan-

347 1637 414 1664 tiam
435 1646 607 1665 antevertere
620 1657 631 1670 ,
647 1633 718 1664 adeo
738 1645 768 1664 ut
796 1635 825 1662 in
839 1631 958 1663 Tabulis
971 1642 1066 1662 motus
1082 1634 1142 1670 ejus
1160 1629 1287 1660 velocior
1309 1630 1364 1660 hoc
1382 1633 1410 1660 in
1425 1627 1476 1659 situ
1491 1628 1572 1658 exhi-

348 1676 443 1707 beatur
459 1689 543 1720 quani
566 1679 608 1707 lix
624 1678 715 1708 ferant
736 1674 960 1706 observationes.
984 1677 1095 1704 Verum
1113 1684 1146 1703 ex
1159 1672 1359 1704 observatione
1373 1683 1457 1714 quam
1470 1671 1573 1701 eodem

347 1731 475 1762 tempore
493 1722 531 1750 D.
548 1720 639 1761 Halcy
657 1720 753 1750 habuit
773 1721 801 1748 in
822 1716 915 1748 Insula
932 1719 1040 1748 Sanctae
1061 1715 1179 1746 Helenae
1192 1739 1200 1751 ,
1223 1720 1251 1747 iii
1273 1727 1326 1758 qua
1348 1713 1572 1749 immersionem,

349 1765 380 1793 E<
401 1762 585 1794 emersionem
613 1765 750 1794 Mercurii
770 1759 819 1804 ipsi
841 1760 920 1792 licuit
938 1759 1106 1793 observare,
1124 1762 1264 1790 Mercurii
1283 1762 1312 1789 in
1334 1759 1400 1789 Sole
1421 1769 1499 1788 mora
1522 1758 1575 1788 fuit

353 1818 366 1848 5
391 1806 524 1836 horarum
545 1818 554 1836 1
565 1819 581 1844 4
597 1810 666 1837 min.
686 1805 763 1848 quod
782 1807 898 1847 propius
915 1804 1023 1835 accedit
1036 1802 1071 1833 ad
1084 1801 1263 1834 velocitatem
1279 1813 1312 1832 cx
1325 1801 1441 1845 Kepleri
1455 1800 1575 1832 Tabulis

349 1848 512 1880 deductam.

395 1895 420 1922 V
435 1895 455 1923 1.
491 1894 567 1922 Cum
586 1890 790 1922 «fractionum
811 1892 923 1923 scientia
943 1889 977 1921 ad
998 1890 1209 1921 Astronomicas
1222 1888 1432 1919 observationes
1444 1897 1581 1929 magnum

352 1935 448 1966 afferat
476 1947 656 1966 momentum
681 1947 689 1969 ‘,
716 1946 748 1965 ea
775 1935 892 1978 quidem
916 1932 1104 1977 superioribus
1124 1935 1205 1963 annis
1224 1931 1345 1962 multum
1369 1930 1479 1961 exculta
1500 1929 1576 1965 fuins

351 1990 435 2020 :itque
455 1979 510 2009 hoc
529 1990 604 2009 anno
622 1989 739 2018 excunte
759 1981 934 2021 piaecipuum
955 1988 1050 2006 carum
1071 1975 1290 2006 fundamentum
1313 1973 1464 2016 diligenter
1481 1971 1578 2002 excus-

353 2022 424 2055 sum.
451 2022 488 2052 D.
507 2023 631 2052 Re'e'mer
656 2021 794 2052 Carthesii
819 2019 997 2063 hypothesim
1017 2031 1050 2049 ex
1067 2019 1176 2062 scriptis
1200 2020 1240 2049 D.
1261 2021 1370 2048 Fcrmat
1385 2042 1392 2053 ,
1415 2027 1477 2060 quae
1496 2015 1512 2044 ἐι
1533 2016 1574 2046 D.

352 2065 471 2095 Cart-avi
490 2065 602 2096 fut-runt
617 2064 778 2095 Academiae
798 2067 1006 2094 communicata
1021 2085 1028 2097 ,
1051 2062 1213 2093 convellere
1230 2063 1268 2092 est
1288 2059 1435 2104 aggressus.
1459 2060 1503 2088 Ac
1518 2061 1577 2100 pri-

353 2120 431 2140 mum
450 2110 568 2152 quidem
590 2108 663 2140 illud
682 2119 712 2139 ut
733 2118 841 2140 certum
860 2111 940 2151 ponit
954 2131 963 2144 ,
984 2105 1106 2150 globum
1124 2105 1244 2148 oblique
1262 2106 1418 2148 impastum
1434 2104 1463 2133 in
1481 2102 1576 2174 {pper-

1506 2155 1579 2176 ciem
