1638 2345
223 172 311 201 Am«.

223 218 310 249 1669.

331 123 366 158 ξι
625 118 811 152 REGIAE
848 117 1263 156 SCIENTIARUM

331 167 432 200 cedent
446 178 454 202 3
468 165 517 198 sed
526 163 575 197 ubi
584 163 706 196 fundum
714 165 868 207 attigerint,
880 168 910 194 ὗε
923 162 1065 196 circularis
1076 177 1176 197 eorum
1186 178 1278 199 morus
1290 165 1484 205 immInuetur,
1492 179 1552 203 mm

332 214 407 242 circa
422 222 549 243 centrum
562 222 594 241 ea
602 208 724 240 co'ibunt
734 231 743 243 ‚
756 219 839 249 atque
852 210 879 238 in
897 208 925 238 id
940 220 989 252 per
1001 205 1130 251 spiralcm
1151 221 1262 241 motum
1277 212 1463 247 contendent,
1473 213 1552 256 quod

333 259 456 289 motioni
463 266 540 300 aquae
549 253 640 287 adhuc
649 265 682 285 ex
688 263 766 297 pane
774 250 974 296 obsequantur.
985 252 1053 296 Jam
1065 252 1085 285 fi
1091 252 1194 298 globus
1203 256 1226 286 L
1239 257 1312 286 intta
1321 254 1370 287 fila
1382 257 1408 288 A
1427 259 1462 293 B,
1482 260 1512 289 &
1525 258 1553 287 G

338 1382 363 1410 K
376 1400 386 1414 ‚
404 1380 434 1408 &
451 1375 527 1408 aliud
540 1375 627 1419 paulo
646 1373 822 1406 sublimiusF
835 1375 865 1404 H
881 1376 916 1405 ita
928 1372 959 1410 su
969 1377 1074 1405 interce
1097 1385 1140 1405 tus
1152 1397 1161 1410 ,
1172 1385 1203 1405 ut
1213 1373 1302 1405 liber&
1315 1386 1408 1406 tamen
1425 1378 1497 1407 inter
1508 1375 1557 1408 fila

335 1432 502 1455 moveatur,
529 1430 590 1451 tum
612 1430 693 1450 motu
708 1417 778 1449 vafis
800 1417 893 1449 subite>
916 1415 1036 1449 cessante
1057 1386 1158 1462 gfobus
1177 1417 1214 1449 ad
1235 1429 1365 1449 centrum
1383 1420 1411 1448 D
1432 1444 1440 1454 ,
1466 1418 1492 1449 sc
1514 1431 1555 1450 re-

337 1468 432 1508 cipiet.
452 1466 531 1496 Nam
553 1466 626 1494 iutra
638 1461 688 1493 fila
702 1464 727 1495 A
742 1463 786 1497 B,
808 1463 839 1493 &
865 1462 891 1491 G
911 1464 937 1492 K
951 1484 961 1497 ,
977 1473 1010 1492 ex
1027 1471 1143 1503 utraque
1164 1472 1242 1504 parte
1266 1460 1335 1492 vafis
1357 1461 1432 1492 tensa
1447 1460 1483 1492 fic
1505 1474 1556 1505 ap-

335 1519 425 1542 tatur,
442 1518 474 1538 ut
501 1517 581 1537 motu
601 1518 679 1548 aquae
692 1505 821 1536 circulari
841 1504 934 1547 abripi
954 1517 1012 1536 non
1035 1504 1138 1548 posfit,
1153 1505 1203 1535 ubi
1222 1503 1322 1536 fistitur
1337 1503 1406 1535 vafis
1422 1507 1555 1547 agitatio,

335 1551 466 1591 globulus
487 1548 593 1580 etiamst
621 1549 733 1592 :equalis
753 1547 785 1580 fit
805 1559 869 1579 cum
885 1559 957 1590 aqua
984 1548 1135 1591 ponderis,
1162 1549 1191 1577 in
1212 1547 1339 1578 medium
1354 1548 1468 1579 tendet:
1483 1548 1554 1578 adeo

336 1605 366 1624 ut
385 1605 418 1624 ex
443 1593 503 1624 solo
522 1604 604 1624 motu
621 1594 667 1624 hic
684 1591 801 1636 prodeat
817 1591 955 1626 effeetus,
980 1590 1086 1622 tamctfi
1109 1589 1187 1621 nulla
1203 1593 1241 1623 est
1257 1594 1287 1621 in
1307 1590 1432 1635 pondere
1454 1602 1555 1635 corpo-

337 1648 398 1667 mm
419 1635 588 1667 differentia.

370 1681 440 1711 XII.
462 1678 614 1710 Caxtcfiius
630 1676 753 1721 Epistola
765 1688 810 1716 3²·
827 1676 941 1708 secundi
953 1677 1119 1709 voluminis
1139 1689 1187 1708 vas
1200 1677 1225 1707 A
1244 1678 1265 1706 B
1277 1676 1322 1711 C,
1333 1676 1443 1719 plumbi
1455 1676 1556 1719 pulve-

335 1734 384 1757 ιε,
400 1734 445 1753 aut
463 1722 589 1764 globulis
609 1720 735 1763 complet
756 1743 766 1756 ‚
786 1732 847 1751 tum
869 1733 994 1751 ramenta
1007 1720 1079 1763 ligni
1099 1720 1195 1761 adjicit
1214 1745 1223 1755 ,
1240 1730 1302 1760 quae
1323 1722 1495 1751 circumacto
1506 1733 1556 1752 va-

336 1764 362 1795 se
382 1765 416 1796 ad
442 1766 567 1796 medium
591 1763 701 1808 pulsum
725 1766 760 1795 iti
792 1765 940 1794 existimat.
962 1768 1071 1796 Verum
1095 1762 1218 1806 idipsum
1241 1774 1275 1792 ex
1297 1762 1408 1793 diverso
1428 1763 1556 1807 pondere

335 1808 445 1851 plumbi
462 1813 491 1840 «Sc
514 1808 584 1851 ligni
608 1810 733 1838 orietur:
758 1818 822 1838 cum
841 1818 936 1838 tamen
953 1811 1075 1850 gravitas
1096 1807 1154 1851 ipsa
1173 1808 1210 1837 ita
1229 1804 1261 1836 su
1280 1805 1449 1847 explicanda
1465 1830 1474 1843 ‚
1490 1818 1556 1849 qua-

334 1852 354 1884 fi
373 1852 472 1883 cadem
489 1851 521 1882 fit
542 1852 644 1894 ubique
664 1853 780 1882 materia
803 1855 834 1883 ὅ(
856 1849 1040 1887 uniusmodi,
1051 1862 1102 1881 nec
1116 1849 1253 1894 ponderis
1265 1847 1408 1879 divetfitas
1418 1849 1479 1881 ullo
1494 1861 1556 1881 mo·

335 1896 373 1927 do
388 1895 534 1938 spcstetur.

368 1941 434 1970 Alia
460 1942 488 1969 in
511 1937 627 1982 epistola
643 1938 715 1981 ligni
735 1936 850 1968 frustula
873 1941 902 1968 in
916 1946 1016 1978 aquam
1038 1937 1142 1975 conjici
1160 1934 1257 1975 jubet,
1283 1946 1345 1977 quae
1361 1934 1378 1966 fi
1401 1947 1479 1978 aquz
1505 1938 1556 1967 in-

336 1994 431 2014 natcnt
442 2009 450 2018 ,
472 1982 507 2013 ad
520 1993 646 2013 centrum
659 1993 718 2011 non
733 1980 880 2011 confluent
891 1976 931 2012 ;'s1
948 1978 1070 2010 fundum
1088 1989 1183 2021 petant
1194 1999 1202 2014 ,
1216 1978 1292 2009 idem
1308 1981 1360 2009 etit
1378 1981 1555 2022 experimen-

338 2037 397 2056 tum
414 2025 492 2068 quod
512 2037 579 2058 mox
598 2024 652 2055 fuit
670 2022 845 2066 propofitum
860 2045 869 2059 ‚
891 2023 976 2065 idque
989 2025 1026 2053 im
1043 2025 1153 2053 eveniet
1173 2025 1252 2065 quod
1279 2031 1374 2052 motus
1394 2032 1494 2052 corum
1509 2032 1553 2052 re-

337 2069 481 2105 tardetur,
506 2080 599 2110 neque
616 2067 704 2098 ullam
727 2067 813 2107 hujus
833 2069 948 2097 rationis
971 2070 1147 2097 mentionem
1167 2064 1233 2095 fecit
1258 2064 1411 2096 Cartefius.

368 2112 520 2144 Confimssi
543 2116 574 2146 in
595 2121 693 2143 natura
713 2109 819 2142 effec‘ku
843 2110 908 2141 huic
929 2121 1015 2153 quem
1029 2111 1152 2152 gravitas
1177 2108 1283 2154 praestat
1314 2113 1453 2143 invento,
1479 2106 1553 2138 illud
