1638 2345
211 152 299 181 Ami.

216 196 303 235 1685.

326 106 382 144 238
645 99 828 132 REGIAE
872 95 1271 128 SCIENTIARUM

371 148 531 189 Apogaeum
550 146 638 177 Lunae
654 147 683 175 in
701 144 831 173 Zodiaco
848 151 926 181 ,uxta
949 139 1093 183 signorum
1109 138 1207 169 seriem
1229 142 1304 170 intra
1325 142 1344 168 6
1367 148 1457 169 annos
1480 142 1547 182 per·=

322 189 437 221 tiodum
456 187 535 220 suam
563 187 685 218 absolvit
706 197 715 221 ·‚
741 195 863 225 cumque
887 183 982 218 nodi,
1008 183 1022 212 5
1045 182 1147 224 quibus
1171 193 1258 224 prope
1277 193 1338 214 tum
1359 181 1435 212 abest
1466 184 1547 213 Luna

319 244 388 264 cum
402 230 499 263 deficit
514 253 523 266 ‚
544 234 615 261 intra
639 233 654 260 8
677 239 767 259 annos
785 231 923 268 integr-im
938 225 1150 256 revolutionem
1169 223 1323 256 conficiant
1338 236 1436 256 contra
1450 224 1549 267 signo·
1579 228 1584 229 ⁷

321 287 383 306 rum
411 275 509 305 seriem
535 295 544 309 ‚
574 274 640 302 binc
669 270 701 302 fit
727 282 757 301 ut
783 271 942 312 Apogaeuin
967 272 996 299 ὅ(
1024 268 1094 299 nodi
1123 277 1298 309 unoquoque
1330 267 1464 298 sexennio
1496 266 1547 299 fibi

319 328 420 350 mutuo
441 325 611 350 occurrant,
629 317 713 344 variis
731 313 847 357 quidem
869 316 897 343 in
918 311 987 342 locis
1013 311 1132 343 Zodiaci
1148 333 1157 346 ,
1180 314 1210 341 &
1235 313 1266 341 in
1287 309 1397 341 diversa
1419 312 1505 341 Lunae
1530 310 1549 342 ὅ

320 360 388 391 sole
414 359 542 389 distantia
574 370 581 388 :
612 356 691 398 quod
715 358 934 397 conjunetiones
957 358 986 386 ἀ
1009 353 1202 398 oppositiones
1221 364 1283 395 quae
1303 353 1406 385 eodem
1429 353 1548 394 quidem

320 402 414 435 mense
429 424 438 436 ,
458 400 504 432 sed
522 412 582 432 non
601 400 701 432 eadem
718 400 787 430 hora
807 398 865 429 diei
887 400 1082 440 contingunt,
1105 397 1206 428 eodem
1224 399 1254 428 in
1271 396 1335 428 loco
1359 407 1417 428 non
1438 396 1549 440 semper

318 445 514 477 observentur.

361 490 387 518 V
402 489 424 518 1.
456 489 532 528 Qae
550 485 662 517 duobus
678 485 722 516 his
737 485 884 528 postremis
905 483 1010 515 saeculis
1035 483 1149 513 fuerunt
1166 481 1320 514 observarat
1334 481 1449 524 eclipses
1465 483 1549 527 Apo-

317 541 378 574 gaeo
399 533 545 573 propiores
569 552 579 564 ‚
612 532 658 560 vix
678 539 744 558 curn
763 528 863 559 tabulis
878 526 1023 557 conciliari
1044 536 1197 569 potuerunt
1217 525 1232 555 5
1255 527 1297 556 D.
1315 524 1432 555 camno
1448 547 1457 560 ,
1478 528 1550 566 quin

317 576 404 605 unius
429 573 506 603 horae
528 571 691 614 quadrantis
708 570 868 602 differentia
900 573 1057 601 incurreret
1088 582 1094 600 :
1121 568 1227 599 tametsi
1248 569 1277 600 id
1309 567 1360 600 sibi
1380 567 1551 612 persuasisset

318 615 430 647 facilius
447 627 492 646 eas
514 614 661 646 conciliari
680 613 757 658 posse
776 625 862 657 quam
879 613 942 644 illas
962 625 1023 656 quae
1042 612 1154 654 longius
1173 611 1208 642 ab
1221 612 1350 654 Apogaeo
1371 622 1419 642 aut
1436 611 1452 641 ὲ
1494 614 1552 643 eri-

317 670 380 702 gaeo
399 669 563 690 evenerunt.
590 658 655 689 Nec
668 656 809 700 explicatu
826 655 908 687 facile
923 657 959 687 est
979 667 1075 686 utrum
1096 655 1124 686 id
1145 666 1179 685 ex
1199 654 1262 698 ipsis
1279 655 1472 686 observationi
1497 665 1551 690 us,

319 714 355 732 an
375 713 410 733 ex
432 700 541 732 occulta
561 701 683 744 quadam
707 711 757 730 nec
781 699 842 731 satis
864 699 936 731 benc
952 698 1068 741 cognit5
1090 697 1279 738 inaequalitate
1297 708 1427 730 motuum
1442 698 1552 729 accide-

322 748 368 778 rit.
399 743 600 785 Qamobrem
619 743 796 774 occasionem
819 742 985 786 expectabat
1014 742 1131 784 Apogaei
1153 741 1248 771 locum
1269 753 1370 773 certius
1393 739 1552 773 definiendi

322 798 358 819 ex
377 787 576 819 observatione
589 798 674 829 quam
693 785 754 817 fieri
776 785 865 828 posset
886 783 1099 817 accuratiffivna.
1126 787 1245 814 Interim
1270 795 1365 815 tamen
1387 784 1459 813 hanc
1481 783 1553 815 ccli.

323 830 393 875 psim
411 842 444 861 ex
462 830 517 860 suis
537 830 639 860 tabulis
652 829 688 861 ad
701 829 862 872 complures
877 839 967 858 annos
981 829 1086 858 exac‘kis
1104 827 1139 857 ad
1155 826 1278 857 calculos
1289 839 1339 858 exe
1362 830 1394 857 it.
1417 827 1461 857 Ac
1474 825 1554 857 mul-

324 884 386 905 tum
406 873 441 904 ab
459 873 520 903 aliis
545 873 725 903 Astronomis
747 894 757 907 ,
788 871 942 915 praesetiim
965 874 992 901 in
1014 870 1173 900 durationis
1195 869 1283 912 spatio
1306 839 1447 901 asculum
1471 868 1553 902 suum

323 915 415 948 abesse
434 916 634 958 deprehendit.
660 917 730 946 Eam
749 918 855 957 quippe
875 925 908 944 ex
929 913 983 944 suis
1002 912 1108 944 tabulis
1130 911 1213 956 paulo
1229 912 1324 944 minus
1337 923 1456 956 quatuor
1474 913 1553 945 horis

320 957 486 990 duraturam
498 960 640 1001 comperit
654 970 662 988 t
677 969 744 988 cum
760 969 795 989 ex
817 957 878 988 aliis
894 956 996 988 tabulis
1011 956 1157 1000 suppurata
1180 967 1198 992 4
1214 955 1348 987 horarum
1375 960 1405 987 δι.
1425 958 1460 987 18
1479 958 1553 989 min.

322 1001 445 1045 spatium
464 1001 530 1031 huic
552 1000 699 1032 tribuatur.

367 1047 417 1076 VI
431 1045 453 1074 1.
489 1044 547 1074 Die
567 1055 595 1085 ¹5
620 1041 792 1074 Decembris
814 1043 855 1072 D.
871 1043 911 1072 D.
927 1039 1036 1072 Caffini
1057 1044 1086 1071 &
1101 1040 1138 1071 de
1155 1038 1181 1069 la
1196 1041 1269 1069 Hire
1287 1038 1431 1082 praedistae
1445 1041 1555 1085 eclipsis

323 1086 535 1118 observationes
558 1087 616 1118 suas
646 1086 774 1128 legerunt
798 1108 807 1120 ‚
839 1097 903 1127 quae
932 1084 982 1116 fibi
1003 1095 1104 1114 mutuo
1127 1082 1284 1114 admodum
1307 1083 1466 1114 consentire
1490 1085 1555 1116 visz

325 1130 399 1162 sunt.
427 1132 544 1161 Initium
558 1134 618 1169 ejus
639 1128 655 1159 5
678 1131 719 1160 D.
735 1127 853 1160 Caffino
875 1138 941 1158 ante
960 1125 1113 1158 definitum
1137 1126 1338 1167 sesquimiiiuto
1352 1128 1555 1159 tantummodo

325 1176 486 1205 antevertit.
508 1175 583 1214 Qae
599 1173 615 1203 5
638 1173 681 1204 D.
705 1171 845 1204 Chazelle
864 1169 998 1202 Maffiliae
1015 1195 1024 1207 ,
1045 1170 1060 1200 εὶ
1083 1171 1123 1201 D.
1149 1168 1243 1200 Gallet
1276 1170 1454 1205 Avenione3
1477 1170 1493 1200 5
1519 1171 1554 1202 P.

327 1216 422 1247 Bonfa
441 1216 544 1247 eodem
566 1219 594 1246 in
616 1215 701 1250 loco,
723 1216 738 1246 5
763 1216 805 1245 D.
822 1214 966 1256 Regnault·
987 1213 1119 1256 Lugduni
1142 1211 1221 1243 fastae
1244 1212 1304 1242 sunt
1318 1211 1530 1244 observationes
1543 1235 1554 1250 ,

326 1271 426 1301 parum
442 1259 459 1288 5
473 1258 497 1290 se
518 1261 644 1289 invicem
669 1257 868 1290 dissentiebant
890 1271 897 1287 2
924 1269 957 1288 n.
981 1258 1159 1286 minutorum
1185 1267 1249 1286 cum
1269 1254 1376 1286 semisse
1398 1255 1555 1288 Massiliam

326 1305 400 1333 inter
421 1306 452 1333 &
473 1304 612 1332 Lutetiam
642 1313 651 1336 ;
673 1305 760 1333 trium
781 1303 892 1331 circiter
913 1309 1089 1330 minutorum
1110 1302 1183 1329 inter
1202 1297 1357 1329 Massiliam
1374 1301 1404 1330 δι
1423 1299 1555 1330 Avenio-

327 1348 444 1376 nionem
459 1343 619 1375 differentia
636 1343 852 1386 longitudinum
865 1354 898 1372 ex
913 1345 946 1373 iis
959 1340 1204 1372 observationibus
1218 1340 1375 1383 colligitur.

371 1390 404 1417 In
423 1388 475 1418 hac
493 1386 590 1429 eclipsi
601 1386 760 1417 observavit
784 1387 824 1417 D.
841 1384 971 1415 Cassinus
988 1387 1063 1415 circa
1076 1388 1134 1425 ejus
1154 1383 1281 1414 medium
1296 1384 1429 1415 umbram
1447 1384 1555 1428 reliqua

328 1431 421 1461 multo
437 1429 595 1461 densiorem
613 1431 699 1460 Lunx
716 1429 824 1462 discum
835 1438 1063 1471 percurrentem,
1074 1438 1160 1468 quam
1173 1426 1282 1458 censuit
1299 1425 1352 1458 effe
1367 1427 1473 1459 umbrae
1490 1441 1558 1472 pat.

331 1485 388 1505 tem
399 1476 493 1504 minus
503 1474 519 1503 5
532 1472 679 1504 solaribus
690 1473 810 1503 radiism
821 1475 885 1503 a‘e‘re
901 1472 1028 1502 reiraffls
1039 1469 1160 1501 dilutam
1170 1492 1180 1505 ‚
1193 1480 1276 1511 quam
1293 1469 1325 1500 fit
1339 1470 1439 1502 umbra
1451 1472 1557 1516 reliqua

329 1527 391 1559 qua:
403 1516 547 1548 uberiores
560 1517 662 1558 excipit
683 1515 847 1556 hujusmodi
868 1514 960 1545 radios
979 1512 1114 1544 refrac'ios
1129 1536 1137 1548 ,
1154 1513 1257 1555 quibus
1275 1512 1416 1545 tribuebat
1429 1513 1556 1546 colorem

330 1562 514 1601 sanguineum
532 1562 582 1602 qui
602 1562 630 1589 in
657 1560 708 1589 hac
728 1557 822 1602 eclipsi
844 1558 1010 1600 conspestus
1025 1557 1072 1588 est.
1092 1557 1237 1587 Existimat
1255 1567 1349 1586 autem
1370 1558 1434 1588 huic
1449 1557 1556 1590 umbrae

330 1602 452 1633 densiori
471 1601 564 1633 radios
582 1604 713 1644 intercipi
732 1600 851 1645 potuisse
870 1599 885 1631 5
903 1599 1048 1631 montibus
1066 1603 1094 1630 in
1109 1597 1334 1630 circumferentia
1349 1601 1446 1630 Terrae
1459 1600 1474 1630 5
1490 1601 1557 1632 Sole

330 1644 397 1675 visa:
425 1655 491 1675 tunc
515 1647 651 1688 temporis
671 1644 830 1676 extantibus
860 1646 890 1675 ἃ
920 1642 1004 1674 altius
1032 1641 1058 1672 se
1079 1641 1105 1673 se
1136 1645 1166 1672 in
1189 1644 1262 1672 aeris
1284 1646 1398 1685 regione
1421 1643 1558 1682 attollenq

331 1687 420 1719 tibus.

374 1733 481 1762 Viti.
516 1729 576 1762 Sub
607 1730 686 1761 idem
718 1740 829 1772 tempus
863 1730 903 1760 D.
930 1729 1084 1761 Thevenot
1107 1727 1260 1762 Epistolam
1284 1738 1310 1757 zi
1339 1727 1465 1769 Janiiatii
1490 1732 1558 1761 anni

335 1777 414 1811 1684
444 1775 508 1804 Goa
536 1773 646 1804 miss'am
666 1796 675 1809 ,
704 1776 733 1804 &
757 1775 855 1805 Latine
878 1772 1008 1815 scriptam
1030 1771 1183 1806 exhibuit,
1204 1774 1282 1808 cujus
1302 1771 1359 1800 haec
1384 1772 1422 1801 est
1442 1771 1558 1804 summa.

333 1818 386 1847 Eos
406 1820 453 1859 qui
472 1816 506 1847 ab
530 1816 691 1847 Occidente
711 1820 739 1847 in
760 1818 916 1848 Orientem
941 1818 1073 1857 navigant
1091 1837 1101 1850 ,
1121 1826 1153 1845 ex
1178 1813 1275 1844 avibus
1298 1824 1360 1853 quae
1381 1817 1414 1844 iis
1433 1817 1462 1845 in
1486 1813 1558 1846 locis

331 1870 482 1891 occurrunt
495 1882 504 1894 ,
527 1862 670 1900 conjicere
683 1871 717 1890 an
734 1871 822 1902 prope
835 1857 923 1891 absint
942 1858 958 1889 5
971 1861 1055 1889 certis
1074 1857 1143 1889 locis
1157 1855 1206 1887 sibi
1228 1859 1348 1897 cognitis
1371 1871 1378 1888 ι
1403 1856 1449 1887 sed
1464 1857 1556 1889 multo

331 1906 439 1934 certius.
451 1914 485 1934 ex
501 1912 565 1933 acus
588 1906 706 1934 nauticae
721 1901 913 1934 declinatione
937 1901 966 1933 id
983 1900 1128 1944 colligere.
1153 1900 1231 1929 Cum
1250 1902 1326 1929 enim
1349 1903 1481 1932 noverint
1506 1900 1556 1934 sub

331 1948 447 1977 initium
468 1945 654 1988 profi-&tionis
676 1957 704 1977 v.
727 1956 770 1988 gr.
793 1946 808 1975 ὲ
831 1956 915 1987 portu
931 1942 1134 1987 Ulissiponensi
1149 1968 1158 1980 ‚
1192 1953 1272 1972 acum
1297 1946 1486 1985 magneticam
1513 1954 1554 1974 tot

328 1988 464 2030 gradibus
482 1987 626 2019 declinate
639 2009 647 2022 ,
668 1999 730 2019 tum
746 1999 780 2018 ex
796 1986 1042 2019 observationibus
1057 1998 1138 2018 antea
1158 1985 1240 2015 fustis
1257 1988 1419 2027 conjectant
1437 2011 1447 2024 ,
1462 1996 1555 2028 qnan-

330 2042 411 2103 tfago
426 2042 503 2105 anpo
523 2030 616 2063 fiitura
634 2029 667 2063 fit
685 2030 841 2064 declinatio
857 2029 1055 2074 compluribus
1082 2029 1146 2062 aliis
1171 2032 1202 2060 in
1220 2027 1292 2059 locis
1306 2053 1316 2069 ,
1345 2041 1397 2072 per
1417 2039 1480 2073 qua:
1498 2030 1554 2060 iter

348 2085 359 2103 2
392 2085 434 2105 ..ΠΙ
471 2085 533 2107 unt·
