1638 2345
160 159 247 188 Am.

165 208 249 242 1695·

274 127 330 156 542
585 114 764 148 REGIAE
804 113 1206 150 SCIENTJARUM

316 163 341 190 V
355 160 400 190 11.
424 159 523 189 Paucis
541 159 602 202 post
623 157 724 189 diebus
746 155 813 186 cum
838 156 873 186 de
903 157 975 200 peste
997 156 1088 187 sermo
1101 155 1264 187 misceretur
1278 179 1286 192 ,
1309 157 1349 187 D.
1373 159 1507 189 Tourne-

276 203 334 234 fort
353 201 424 233 illud
441 201 561 232 advertit
582 202 637 231 hoc
653 198 759 230 morbo
774 197 911 241 gtafl'antc
933 200 1091 230 Anthraccs
1109 210 1159 229 eos
1173 198 1307 229 invadere
1320 222 1329 234 ,
1351 203 1400 241 qui
1416 202 1509 243 expri-

277 246 383 277 mendo
403 245 470 276 oleo
490 254 597 275 navant
617 254 747 286 operam.
768 244 862 284 Atque
882 244 966 284 hujus
987 246 1026 273 rei
1040 241 1186 273 occasione
1206 242 1246 273 D.
1277 241 1395 272 Gallovs
1410 242 1510 272 admo,

277 292 340 320 nuit
365 288 381 319 ὲ
405 287 509 318 celebri
536 287 712 317 Anatomico
737 286 984 318 Diemmerbro'c'h
1011 284 1194 316 observatum
1216 296 1264 314 eos
1293 287 1340 328 qui
1365 286 1510 327 Neomagi

278 336 392 376 nigrum
419 331 554 373 saponem
574 328 739 361 vendebant
753 355 761 366 ,
782 329 850 372 pesti
878 328 1011 371 grassanti
1032 328 1177 359 obnoxios
1201 326 1280 357 fuisse
1298 353 1307 367 ‚
1334 326 1380 358 scd
1400 326 1462 358 loca
1482 332 1512 358 in

278 375 381 415 quibus
402 374 496 404 tabaci
523 372 619 416 fumus
642 371 760 403 naribus
779 375 871 416 excipi
891 371 1023 408 solebat,
1041 383 1123 408 raro,
1143 383 1191 402 aut
1215 382 1360 413 nunquam
1384 370 1515 414 pestein-

279 418 354 449 fec‘ta
378 416 444 448 effe.

326 464 352 491 V
366 461 436 491 111.
460 462 528 499 Qa
548 463 659 490 ratione
679 470 780 490 aurum
805 461 837 490 in
852 456 966 499 liquore
977 457 1084 500 frigido
1105 461 1134 489 &
1155 456 1277 500 insipido
1292 456 1406 487 dilsolvi
1419 466 1514 497 queat,

282 506 323 534 D.
349 502 504 545 Homberg
520 506 616 545 paucis
637 505 759 545 aperuit.
781 500 857 532 Illud
883 511 969 543 porro
994 511 1054 530 non
1079 500 1157 531 aliud
1181 499 1320 544 quiddam
1338 499 1376 530 est
1395 521 1404 534 ,
1429 498 1516 541 quam

280 558 351 590 aqua
374 545 531 590 pluviatilis
550 549 580 576 ὅ(
609 557 688 589 pura.
713 546 785 575 Auri
804 547 910 586 quippe
930 543 1062 574 limatura
1087 543 1166 587 prius
1181 546 1209 573 in
1224 541 1393 574 mortariolo
1415 545 1518 578 vitreo,

281 589 342 634 pilo
367 588 470 620 itidem
492 587 585 620 vitreo
609 588 655 618 vel
674 587 769 631 ligneo
793 591 962 622 trituratur,
988 586 1083 628 liquot
1102 599 1151 630 per
1166 585 1281 617 filtrum¹
1304 587 1442 626 trajicitur
1456 606 1465 619 ‚
1485 583 1519 615 is-

282 644 338 675 que
365 635 394 663 in
417 643 555 675 vaporem
576 630 703 662 difflatur
722 653 730 665 ‚
747 630 816 662 dum
838 629 919 660 color
940 633 998 660 auri
1012 629 1123 673 plenior
1139 641 1280 673 appareat.

330 678 394 706 IX.
422 675 582 714 Quoddam
607 676 773 706 attramenti
798 685 885 717 genus
901 673 1033 704 exhibuit
1050 675 1090 704 D.
1115 673 1268 714 Homberg
1284 682 1318 701 ex
1340 674 1463 713 arugine
1487 673 1519 701 δε

285 717 369 762 ligno
390 718 516 754 Indico,
537 717 616 762 quod
637 717 726 759 vulgo
751 719 885 760 Campege
905 716 1063 759 appellatur
1080 730 1086 747 :
1111 719 1181 758 quin
1196 718 1282 746 etiam
1303 725 1336 744 ex
1351 714 1393 744 his
1410 713 1527 744 duobus¹

286 765 374 805 panni
391 764 474 813 nigro
496 762 594 792 colore
615 763 763 803 tinguntur
784 762 854 790 citra
870 757 962 790 ullum
982 763 1089 802 ignem.
1109 761 1142 789 In
1155 770 1226 801 aqua
1241 756 1401 790 aluminosa
1421 759 1452 787 δέ
1466 756 1530 786 fet--

287 805 355 836 vida
373 807 452 848 prius
473 803 536 835 lana
559 803 696 839 ebulliat,
722 814 752 834 ut
773 804 870 832 omnis
893 801 1024 833 abscedat
1040 802 1207 845 pinguedo,
1234 813 1295 833 tum
1321 799 1394 843 ligni
1416 799 1521 843 praedi-

290 850 328 878 <sti
350 851 379 878 in
403 845 519 878 frustula
532 845 636 877 concisi
656 845 729 877 libra
747 857 803 875 una
825 848 839 874 8
859 844 938 875 libris
953 856 1032 887 aquae
1055 845 1203 876 fluviatilis
1226 848 1256 875 ὃ(
1289 842 1390 874 calida:
1411 854 1460 885 per
1485 853 1524 879 24

292 892 375 921 horas
388 888 444 919 vasi
458 888 543 921 fustili
562 893 746 932 imponatur,
768 886 926 918 semi-libra
951 891 1081 930 aeruginis
1095 888 1194 918 leviter
1209 885 1452 918 concisae·duabus
1463 897 1529 916 ace-

293 936 313 963 ti
338 932 418 963 libris
437 931 594 963 affunditur
606 957 615 971 ,
633 936 671 962 ita
686 943 717 962 ut
735 930 839 961 infufio
858 929 950 961 calida
964 942 1012 973 per
1036 942 1075 967 24
1096 930 1180 960 horas
1195 930 1294 974 perstet
1307 941 1316 964 ·‚
1331 929 1467 959 inclinato
1480 940 1525 959 va-

295 975 320 1005 se
333 987 443 1006 acetum
465 974 623 1006 effunditur
643 978 672 1005 in
692 984 740 1004 vas
764 973 933 1014 subjeetum.
950 973 1112 1016 Aquaante
1133 984 1287 1016 pra-parata
1305 983 1346 1002 rer
1368 983 1414 1002 aut
1427 981 1527 1014 quater

295 1030 421 1061 pannum
435 1018 572 1060 perfunde
588 1041 596 1053 ‚
612 1016 646 1049 fic
658 1027 754 1048 tamen
775 1027 806 1048 ut
819 1016 933 1059 singulis
950 1016 1060 1047 vicibus
1077 1027 1143 1047 curn
1163 1015 1295 1047 exsiccari
1309 1014 1396 1050 finas,
1412 1014 1472 1057 post
1481 1013 1528 1044 ul-

298 1065 397 1093 timam
420 1060 597 1093 ablutionem
610 1060 684 1091 bene
699 1058 865 1090 exsiccatum
877 1071 1002 1102 pannum
1013 1071 1092 1091 aceto
1109 1062 1230 1102 :erugine
1240 1062 1427 1102 impraegnato
1441 1056 1535 1088 semel>

300 1108 329 1136 ἃ
344 1108 447 1136 iterum
467 1103 619 1148 perfundes
639 1126 655 1139 ‚1
671 1113 790 1146 tumque
808 1107 891 1145 nigro
917 1102 1059 1134 inficietur
1082 1102 1195 1134 colore..

341 1151 382 1180 X.
409 1151 482 1179 Haec
502 1146 645 1178 artificum
663 1146 799 1178 industria
816 1157 868 1177 nos
891 1146 1005 1177 alterius
1022 1145 1158 1177 admonet
1172 1169 1182 1182 ,
1205 1150 1283 1188 cujus
1303 1143 1443 1188 processus
1466 1143 1528 1175 lon-

299 1192 335 1233 g&
357 1192 394 1222 cst
410 1190 522 1222 facilior
536 1205 543 1222 ·.
558 1190 594 1221 εὸ
611 1190 702 1221 tendit
714 1213 725 1226 ‚
746 1200 777 1220 ut
793 1201 887 1221 rerum
908 1190 1040 1232 vestigia,
1065 1193 1094 1221 ὃ(
1119 1188 1226 1232 effigies
1241 1188 1445 1219 numismatum
1458 1199 1531 1230 gyp-

302 1235 331 1264 so
352 1234 443 1266 statim
468 1237 686 1279 imprimantur,
710 1236 740 1264 &
763 1231 895 1274 imprtssa
914 1243 1053 1265 maneant.
1076 1234 1161 1263 Hanc
1182 1234 1222 1264 D.
1236 1231 1324 1264 Dela
1342 1233 1415 1262 Hire
1435 1233 1536 1273 paucio

302 1276 431 1320 exposuit
446 1300 455 1313 ‚
476 1281 505 1308 δι’
522 1277 620 1307 coram
641 1276 781 1306 exhibuit.
795 1276 877 1305 Ceroe
895 1275 1056 1317 Hispanicae
1070 1275 1203 1307 candenti
1221 1274 1288 1306 ferri
1308 1287 1363 1318 ope
1381 1274 1478 1305 scnfim
1497 1277 1530 1305 &

303 1322 373 1350 citra
398 1320 485 1350 ullam
509 1318 709 1349 ebullitionem
731 1316 890 1358 liquefaciat
917 1316 1007 1360 figura
1026 1317 1161 1359 quatlibet
1181 1321 1372 1361 imprimitur:
1392 1317 1458 1347 huic
1472 1315 1531 1346 olei

304 1362 421 1403 guttulis
441 1361 557 1405 perfusae
576 1373 611 1404 gy
637 1361 696 1391 sum
718 1371 789 1402 aqua
801 1358 943 1395 dilutum,
969 1363 998 1390 in
1015 1371 1128 1391 tenuem
1153 1361 1300 1404 pulverem
1314 1371 1393 1390 antea
1413 1362 1533 1390 commi·

305 1416 427 1441 nutum,
453 1409 484 1436 δέ
507 1416 556 1448 pet
574 1372 702 1434 cribrum
724 1396 874 1444 trajed‘tum
893 1414 963 1434 cera:
978 1401 1174 1447 superponitur
1192 1427 1202 1440 ‚
1224 1403 1302 1447 quod
1326 1403 1450 1432 formam
1470 1404 1537 1445 typi.

307 1448 426 1489 subjcc‘ti
444 1451 559 1491 excipit.

350 1491 430 1522 Alias
451 1502 566 1533 quoque
582 1490 776 1535 impreffiones
797 1493 827 1522 in
841 1501 930 1521 cornu
952 1489 1084 1522 emollito
1097 1489 1219 1533 duplicis
1236 1489 1304 1522 ferri
1321 1487 1468 1520 candentis
1479 1499 1534 1531 ope

310 1535 438 1566 exhibuit
458 1536 500 1566 D.
516 1534 671 1576 Homberg
688 1548 695 1565 ι
711 1535 752 1565 hae
765 1532 862 1576 figuiae
876 1536 906 1563 in
920 1533 1052 1566 torculari
1066 1532 1111 1563 scu
1130 1533 1218 1575 praelo
1231 1538 1435 1576 exprimuntur.
1451 1530 1540 1562 ldernf

310 1578 377 1608 alias
399 1577 516 1620 protulit
542 1577 620 1608 foliis
644 1578 764 1608 stanneis
789 1576 958 1619 insculptas:
984 1576 1088 1608 folium
1101 1578 1262 1608 numismati
1283 1577 1463 1620 applicatur,
1477 1572 1535 1604 fru-

311 1620 373 1651 ssuli
395 1621 482 1664 lignei
502 1624 581 1664 apice
598 1619 718 1664 propius
733 1619 851 1652 admoto
864 1643 874 1656 ,
899 1624 929 1651 ἃ
943 1621 1027 1663 digiti
1042 1633 1096 1663 ope
1108 1619 1198 1664 presso
1214 1634 1220 1651 ι
1238 1619 1272 1651 fic
1288 1622 1365 1651 enim
1379 1616 1469 1659 figura
1481 1627 1540 1656 nuq-

312 1663 448 1695 mismatis
462 1687 470 1699 ‚
493 1667 522 1694 ὃς
540 1664 716 1695 characteres
738 1663 810 1695 folio
822 1662 967 1694 metallico
981 1663 1111 1707 impressa
1124 1674 1257 1695 manent..

355 1709 384 1737 X
398 1709 418 1737 I.
448 1707 525 1738 Illud
537 1707 658 1738 minime
674 1707 823 1738 tacendum
842 1707 880 1737 est
897 1707 975 1749 quod
997 1711 1036 1740 D.
1053 1710 1099 1739 Dc
1121 1707 1146 1738 la
1170 1709 1263 1742 Hire,
1286 1716 1350 1736 curn
1363 1715 1434 1748 opus
1456 1704 1541 1736 snum*

313 1750 348 1780 dc
360 1750 539 1782 mechanicis
553 1749 657 1794 legeret
671 1773 680 1787 ‚
694 1762 725 1781 ac
741 1749 775 1781 de
787 1750 929 1782 fornicum
945 1750 1081 1782 structura
1093 1749 1251 1781 sermonem
1262 1749 1376 1779 haberet
1390 1770 1398 1783 ,
1411 1752 1440 1778 in
1455 1752 1538 1779 tran—

312 1792 365 1823 fitu
389 1792 539 1825 admonuit
554 1816 564 1829 ,
583 1797 744 1825 arenarium
757 1816 774 1829 ,.
793 1794 839 1825 stu
857 1797 1028 1825 mortarium
1037 1793 1120 1824 citius
1140 1794 1264 1824 indurari
1276 1814 1285 1827 ,
1299 1803 1364 1822 cum
1379 1803 1480 1835 parum
1494 1790 1537 1821 sa-

314 1835 347 1867 lis
363 1840 535 1867 ammoniaci
560 1848 640 1879 aquae
657 1836 827 1868 admiscetur
843 1863 853 1877 ,
868 1838 1014 1881 postquam
1029 1840 1159 1868 intritum
1174 1837 1211 1867 cst
1231 1839 1410 1866 mortarium.

357 1881 407 1910 XI
422 1882 445 1911 1.
478 1880 525 1910 Dc
544 1891 672 1922 magnete
695 1892 761 1912 cum
774 1892 902 1924 ageretur
916 1906 925 1921 ‚
941 1880 1123 1912 difficultates
1140 1879 1247 1922 aliquot
1263 1879 1397 1911 adversus
1412 1876 1539 1909 Cartcsii·

314 1921 430 1968 systema
443 1922 589 1967 proposuit
605 1924 648 1954 D.
661 1926 811 1965 Vai‘ignon
822 1947 832 1960 ‚
850 1924 936 1967 idque
947 1924 1090 1957 occasione
1100 1924 1223 1967 epistolae
1237 1946 1245 1958 ,
1261 1934 1324 1965 quae
1341 1921 1374 1953 ad
1387 1923 1428 1952 D.
1443 1924 1541 1953 Hom»

316 1969 384 2009 berg
405 1964 485 1997 miffa
499 1967 536 1997 cst
555 1989 564 2001 ,
579 1968 608 1995 in
623 1978 679 2009 qua
699 1965 731 1997 fit
754 1970 862 1998 mentio
882 1968 1029 2010 cujusdam
1049 1969 1228 2011 proprietatis
1251 1969 1280 1996 in
1307 1977 1357 1996 acu
1379 1967 1539 2007 magnetica

315 2020 410 2040 recens
429 2012 551 2041 inventa:
564 2032 572 2044 ‚
584 2021 671 2052 quam
687 2009 797 2040 Auster
814 2015 962 2054 permagni
974 2011 1039 2042 usus
1059 2013 1234 2053 navigationi
1254 2008 1378 2041 futuram
1388 2008 1533 2040 existiman

319 2051 362 2081 scd
375 2052 411 2083 dc
430 2051 505 2083 ῑαᾶο
523 2052 584 2097 ipso
604 2054 728 2085 constare
748 2058 869 2085 omnino
887 2066 1019 2098 oportere
1032 2052 1124 2086 visum
1134 2055 1171 2085 est
1185 2077 1195 2090 ,
1213 2065 1365 2097 antequam
1383 2055 1413 2083 in
1429 2059 1541 2082 novam·

317 2094 392 2126 illius
416 2095 576 2128 affectionis
602 2097 711 2130 causam
738 2100 903 2140 inquiratur.
