1638 2345
212 157 300 186 Asai«.

211 202 297 234 2669.

321 119 361 147 64
619 110 804 142 REGIAE
840 108 1251 142 SCIENTIARUM

321 153 409 185 Unde
435 164 567 186 extrema:
592 154 698 185 radices
715 153 884 186 Chelidonii
905 155 936 184 &
961 152 1149 195 quarumdam
1169 153 1330 196 plantarum
1355 149 1464 184 rmum
1482 151 1541 184 fere

322 196 395 229 succi
416 197 543 241 praebent
566 196 698 232 resecrae,
719 207 860 242 quantum
879 193 950 227 folia
981 195 1060 240 ipsa,
1094 196 1173 239 quod
1192 197 1288 228 succus
1313 195 1489 239 aequabiliter
1510 197 1541 226 in

321 251 413 284 partes
429 253 529 272 onmes
548 240 733 283 propellatur.

354 285 423 314 VII.
454 285 538 315 secio
554 284 704 326 Papaveris
723 282 802 315 caule
821 282 913 314 tribus
935 294 984 314 aut
1002 293 1123 327 quatuor
1145 283 1243 325 digitis
1266 281 1341 314 infra
1364 281 1466 326 plantae
1493 295 1541 314 cm-

320 337 390 369 put,
413 327 461 358 ubi
483 326 670 359 maturescere
683 329 806 370 incipit,
822 326 917 357 succus
930 326 1066 358 candidus
1079 326 1094 357 ὲ
1111 325 1189 358 caule
1209 325 1330 357 sublatus
1347 325 1436 357 exibit
1451 338 1458 361 ς
1471 325 1542 357 alius

320 368 402 401 fulvo
422 369 520 401 colore
545 371 650 401 ῑὶηᾶιις
666 370 681 400 ὲ
699 382 778 412 parte
799 368 908 400 summa
928 369 1044 401 effluet:
1066 370 1138 400 adeo
1157 381 1188 401 ut
1213 369 1295 401 tubos
1318 367 1371 398 effe
1392 369 1542 400 distinstoa

320 413 391 444 hinc
410 412 539 456 suspicari
566 412 655 445 liceat.
680 414 754 445 Non
773 415 851 444 enim
872 412 967 444 succus
985 413 1085 444 iisdem
1109 415 1138 443 in
1161 411 1266 444 tubulis
1281 424 1338 443 ram
1357 411 1484 442 diversos
1495 423 1543 442 co-

317 454 393 488 lores
422 455 511 499 posset
529 456 655 487 induere.
680 458 726 489 Sic
749 455 819 488 ficii
840 456 1016 487 transversim
1037 459 1066 487 in
1089 456 1185 488 medio
1203 455 1297 491 sesti,
1317 457 1367 500 qui
1386 454 1420 486 ab
1445 466 1542 486 extre-

315 509 363 530 ma
393 497 530 531 foliorum
543 510 620 542 parte
633 498 734 531 defluit
748 501 842 530 succus
856 522 866 535 ‚
889 498 1020 540 aquosior
1036 499 1074 529 est
1089 522 1097 533 ,
1118 502 1149 530 ὅ(
1170 501 1264 530 minus
1283 498 1436 534 candidus,
1455 497 1541 541 quim

315 545 365 584 qui
387 554 421 573 ex
446 554 523 585 parte
543 541 633 573 altera
651 542 735 573 stillat
752 556 758 573 :
780 545 818 572 ira
834 553 865 573 ut
885 540 979 573 succus
1001 541 1121 584 aquosus
1143 554 1192 586 qui
1214 541 1291 572 foliis
1310 543 1397 576 inest,
1417 544 1445 571 in
1459 539 1542 572 tubu-

314 584 359 615 los
380 585 462 617 succo
487 585 611 617 candido
636 584 754 616 refertos
777 596 919 616 commeet
932 607 942 621 ,
966 589 996 617 &
1015 597 1082 617 cum
1103 596 1138 616 eo
1163 585 1330 617 misceatub·
1350 594 1396 614 aut
1411 594 1485 614 cene
1495 584 1543 614 ds.

313 627 384 658 versi
402 629 547 671 utriusque
570 628 633 660 sunt
659 627 786 663 canales,
808 627 971 658 veltubuli.

345 673 417 703 V11.
448 674 489 703 Ex
508 675 541 703 iis
565 682 651 715 atque
670 670 733 701 aliis
750 670 940 702 concludebat
959 673 1003 702 vir
1025 669 1188 712 ingeniosus
1203 673 1233 701 δε
1252 669 1354 700 doctus
1369 692 1379 706 ,
1397 669 1469 702 illud
1489 679 1544 703 ve.·

313 725 346 744 ro
383 717 527 746 roximum
551 715 666 749 videri,
689 713 803 745 succum
825 716 974 745 nutritium
999 716 1028 744 in
1049 714 1152 757 plantis
1169 736 1177 748 ,
1197 724 1228 744 ut
1245 713 1408 756 sanguinem
1432 717 1462 745 in
1479 717 1543 746 ani-

313 726 435 790 malibus
455 760 619 801 circumagi.
634 758 714 788 Nam
731 768 832 799 magna
847 757 884 787 est
905 759 978 787 inter
999 756 1160 799 plantarum
1183 759 1213 786 δε
1238 755 1407 787 animalium
1428 768 1544 800 vegeta-

313 803 424 832 tionem
441 801 610 832 fimilitudo.
633 803 667 830 In
693 800 750 830 illis
773 800 862 831 lastea
890 799 953 830 vasa
986 800 1104 840 chylum
1135 802 1302 842 excipiunt,
1326 802 1376 841 qui
1398 804 1427 830 in
1445 811 1542 837 venas,

312 842 417 875 deinde
440 848 470 876 in
496 856 546 875 cor
567 847 597 875 &
618 843 791 887 pulmones,
811 847 841 875 in
862 854 912 874 cor
934 843 1066 878 rursum,
1087 854 1148 874 tum
1175 846 1203 873 in
1226 845 1340 874 arterias
1350 840 1476 874 defertur
1488 854 1543 874 nu-

313 887 432 919 triendis
453 887 600 932 partibus:
620 887 698 929 quod
719 887 862 929 reliquum
883 887 921 916 est
945 889 973 916 in
986 898 1073 917 venas
1091 885 1193 916 refluit.
1216 886 1288 916 Non
1307 884 1437 917 dissimili
1456 890 1544 918 tatio-

312 940 348 959 ne
369 931 451 962 succo
471 934 591 962 nutritio
610 930 737 961 radicum
754 941 877 961 extrema
894 928 1061 960 imbuuntur
1081 955 1088 967 ‚
1111 932 1159 972 qni
1178 931 1207 958 in
1235 928 1337 959 radicis
1359 940 1461 972 corpus
1482 931 1543 972 pri-

312 971 415 1012 mrim,
444 986 504 1005 tum
525 977 553 1004 in
575 973 686 1004 caulem
710 977 741 1004 &
757 984 888 1004 truncum
907 983 954 1016 per
981 972 1098 1003 tubulos
1125 971 1176 1003 sibi
1196 983 1306 1014 aptatos
1332 971 1367 1002 :id
1391 983 1485 1002 ramos
1495 970 1543 1003 us-

312 1025 366 1057 que
383 1019 414 1047 &
437 1016 506 1048 folia
521 1017 671 1048 eluctatur.
684 1016 776 1057 Qod
794 1016 911 1059 superest
929 1028 978 1063 per
999 1015 1071 1046 :ilios
1084 1014 1193 1045 canales
1214 1014 1250 1045 acl
1285 1014 1407 1046 radicem
1422 1026 1547 1052 remeat,

312 1069 344 1088 ut
365 1059 508 1102 digeratur
534 1064 564 1091 δε
585 1058 731 1090 fructuum
755 1061 905 1091 nutritioni
923 1062 955 1089 iit
976 1057 1123 1089 idoneum.
1140 1057 1226 1089 Unde
1250 1061 1280 1088 in
1300 1056 1438 1102 plerisque
1459 1058 1543 1102 plan-

313 1103 348 1132 tis
369 1103 477 1134 radices
496 1101 620 1134 multum
646 1105 815 1134 incrementi
840 1102 975 1137 sumunt,
1002 1113 1053 1131 nec
1074 1104 1169 1132 minus
1194 1099 1252 1130 scre
1274 1104 1360 1143 quim
1389 1103 1482 1131 rami:
1503 1104 1543 1133 ira

313 1155 344 1175 ut
371 1144 467 1176 succus
487 1146 523 1176 ad
544 1156 682 1177 extremas
711 1147 798 1188 usque
819 1145 925 1176 radices
950 1144 1134 1188 protrudatur
1152 1166 1161 1179 ‚
1187 1154 1217 1174 ut
1235 1143 1329 1174 versus
1350 1154 1443 1175 ramos
1464 1143 1547 1176 idem*

312 1188 483 1230 impellitur.

351 1232 473 1263 Accedit
488 1231 559 1263 illud
576 1235 661 1263 etiam
683 1243 802 1275 corpora
815 1242 933 1273 qumque
951 1229 1059 1273 liquida
1073 1233 1102 1261 in
1125 1241 1260 1275 perpetuo
1274 1241 1355 1262 motu
1371 1230 1495 1266 versari,
1509 1241 1541 1262 ut

313 1276 397 1310 affra,
419 1287 519 1319 aquam
534 1298 543 1310 ,
558 1278 722 1318 sanguinem
742 1298 750 1310 ,
777 1285 840 1317 quae
864 1273 883 1304 fi
907 1285 1038 1317 torpeant
1053 1297 1062 1310 ‚
1084 1274 1164 1305 brevi
1187 1285 1417 1317 corrumpuntur.
1443 1275 1541 1315 Qare

312 1319 344 1346 in
365 1317 468 1360 plantis
487 1317 600 1349 succum
625 1330 683 1348 non
703 1316 757 1348 effe
777 1318 902 1348 otiosum
931 1340 940 1352 ,
954 1317 999 1347 sed
1023 1321 1137 1360 perenni
1162 1329 1243 1348 motu
1263 1316 1279 1346 ὲ
1298 1317 1390 1348 radice
1412 1316 1448 1347 ad
1471 1316 1546 1348 folia

312 1358 400 1401 usque
414 1385 422 1397 ,
441 1365 472 1393 ὃ(
500 1361 516 1391 ὲ
537 1360 613 1392 foliis
632 1362 667 1391 ad
692 1362 799 1392 radices
821 1360 926 1391 deferri
945 1359 1131 1391 existimabat.

349 1407 407 1435 IX.
435 1407 489 1436 His
509 1403 588 1434 lectis
614 1416 675 1447 quae
695 1408 724 1435 in
747 1415 808 1434 eam
836 1416 895 1434 rem
920 1404 1142 1446 conscripserant
1163 1404 1203 1433 D.
1225 1403 1264 1432 D.
1289 1403 1458 1434 Perrault&
1473 1405 1542 1435 Ma-

313 1449 420 1483 ri0tte‚
445 1448 569 1491 placuit,
588 1459 618 1478 ur
636 1459 735 1478 omncs
757 1447 803 1478 dic
822 1448 1017 1478 constitutoin
1040 1448 1155 1478 hortum
1172 1448 1296 1485 Regium
1318 1448 1342 1476 se
1365 1448 1540 1484 conferi-ent,

313 1501 397 1531 atquc
421 1494 613 1535 experimenta
637 1491 773 1522 omnibus
801 1502 898 1520 coram
926 1488 1036 1522 fierent.
1059 1493 1133 1532 Qu:
1156 1492 1255 1531 utiquc
1277 1501 1380 1532 magna
1407 1502 1440 1520 ex
1463 1502 1541 1534 parte

316 1531 389 1563 facta
412 1535 484 1566 sunt.
510 1535 575 1564 Nec
598 1544 694 1564 tamen
716 1546 748 1564 ca
771 1534 824 1564 effe
848 1534 1010 1573 liujulinodi
1026 1556 1035 1568 ,
1060 1545 1090 1564 ut
1115 1532 1261 1563 circulatio
1286 1533 1357 1562 liicci
1385 1536 1412 1563 in
1437 1533 1542 1577 plantis

314 1586 348 1605 ex
371 1579 404 1606 iis
422 1577 607 1608 demonstrari
622 1576 725 1619 poffir,
747 1576 881 1607 nonnulli
898 1576 1111 1612 existumabant,
1126 1578 1312 1619 &imprimis
1330 1576 1370 1608 D.
1393 1577 1443 1607 Du
1466 1575 1540 1608 Clos

313 1622 361 1659 qui
380 1618 484 1662 scripto
503 1619 635 1662 peculiari
652 1620 815 1651 sententiam
833 1619 908 1650 suam
923 1620 1058 1662 exposuit.

340 1663 473 1703 Negabat
493 1675 524 1693 ex
548 1663 690 1704 Analogia
711 1668 738 1693 ἃ
761 1662 948 1694 similitudine
973 1663 1095 1707 quadam
1124 1662 1232 1705 plrnras
1252 1665 1325 1692 inter
1349 1665 1379 1692 ἒξ
1406 1662 1539 1693 animalia

312 1715 511 1746 argumentum
545 1710 606 1737 (iiis
632 1705 750 1737 firmum
770 1705 835 1736 duci
860 1704 935 1748 posse
949 1729 956 1741 ,
978 1718 1035 1748 quo
1057 1706 1126 1736 succi
1141 1706 1302 1737 alimentitii
1317 1707 1344 1734 in
1365 1705 1467 1748 plantis
1483 1708 1539 1736 cir-

312 1752 402 1779 cuitus
427 1749 641 1780 rlzmcxtstittur.
667 1750 737 1781 Non
754 1752 830 1780 enim
851 1753 931 1780 omni
949 1761 980 1780 cx
999 1760 1076 1793 pirre
1093 1749 1131 1779 cst
1151 1747 1305 1780 similitudo
1320 1771 1329 1783 ‚
1355 1759 1440 1791 atque
1464 1748 1539 1791 ejus-

311 1791 392 1822 modi
414 1792 565 1834 Analogiae
586 1792 658 1823 nihil
686 1793 742 1823 fei-c
773 1792 905 1834 probant.

342 1835 382 1865 X.
409 1836 487 1866 Huic
513 1839 609 1877 utiquc
623 1835 767 1878 respondit
787 1836 826 1865 D.
854 1834 982 1866 Pri-ranlt
999 1835 1137 1875 ejuiinodi
1158 1835 1312 1878 Analogiss
1325 1839 1398 1867 inter
1410 1839 1540 1868 animan-

312 1886 350 1906 tes
377 1880 407 1908 ὃ(
425 1878 534 1921 plantas
547 1901 556 1913 ‚
581 1878 598 1909 (i
623 1878 687 1910 solae
705 1878 757 1909 lint
772 1902 781 1914 ,
798 1877 894 1909 mimis
918 1877 970 1908 csse
983 1878 1098 1910 idonens
1113 1891 1175 1921 qim:
1191 1890 1249 1909 rem
1273 1879 1445 1922 propositam
1467 1891 1539 1911 con-

311 1917 407 1951 ficiant
422 1935 428 1952 :
444 1921 489 1952 sed
511 1933 604 1952 tamen
621 1926 714 1964 negari
733 1934 789 1952 non
805 1920 880 1965 poss'e
900 1925 968 1965 quin
987 1933 1026 1951 ete
1042 1922 1172 1953 nonnihil
1196 1922 1264 1952 lucis
1290 1923 1408 1954 afferant
1422 1925 1460 1953 rei
1478 1926 1537 1964 jam

311 1965 394 1995 variis
422 1968 622 2007 experimentis
641 1965 809 2009 comprobat
821 1979 832 1995 r·
859 1988 868 2000 ‚
891 1977 976 2007 quani
995 1964 1121 1996 esticinnt
1148 1965 1303 1997 admodum
1326 1965 1535 1998 verisimilem:

309 2006 387 2046 quod
414 2019 502 2038 unum
526 2010 554 2038 in
575 2007 700 2048 Physicis
723 2011 862 2052 imprimis
879 2009 1082 2039 consternunt.
1106 2011 1249 2050 roirca
1268 2010 1310 2040 hae
1339 2009 1537 2052 conjctsturaee:

309 2053 393 2079 variis
412 2050 656 2082 observationibus
675 2051 767 2082 duetae
794 2063 854 2082 non
875 2051 1057 2082 mediocriter
1081 2063 1113 2082 cx
1137 2064 1171 2082 eo
1197 2052 1429 2088 confirmantur,
1455 2052 1536 2093 quod

307 2090 412 2133 plantae
441 2097 471 2125 &-
490 2094 621 2126 animalia
645 2097 676 2126 in
692 2095 791 2127 cadem
805 2098 835 2126 vi
854 2106 901 2127 aut
926 2094 1057 2127 facultate
1073 2099 1242 2139 vegeratricc
1259 2099 1448 2129 conveniam
1468 2106 1537 2126 cum

1414 2149 1534 2171 nutritio

1630 771 1638 1235 -ήῌ--“.Λ..Α-.-ι
1632 691 1638 759 -..-,.-
1636 675 1638 677 .
1635 659 1638 662 i

1616 2139 1638 2195 ,3⁴
1623 2117 1629 2122 .
1625 2091 1630 2101 e
