1638 2345
301 191 519 237 Volumina
542 192 600 232 De
617 191 838 232 Animafium
862 200 916 238 <9⁴
935 190 1094 248 stirpium
1127 188 1310 244 Hstoria,
1343 188 1382 230 de
1404 188 1526 237 Rebus

298 255 570 297 Affr0n0m1c1‘5;
584 267 748 312 quaeque
757 267 802 292 ex
819 248 1036 311 posthumis
1050 249 1379 292 Academicorum
1393 250 1525 312 Opus-

302 314 395 357 culis
413 314 501 356 sunt
519 328 696 374 excerpta
711 346 723 364 ,
738 310 870 373 figuris
886 308 934 351 ad
944 313 1079 353 vivum
1101 309 1274 371 expressis
1288 325 1524 364 ornata,no-

300 378 356 417 vis
371 372 491 436 iisque
516 373 702 436 praeelaris
718 373 887 415 inventis
906 369 1043 423 ditata,
1063 379 1229 423 non,iit
1246 386 1311 431 par
1332 386 1408 415 erat
1427 407 1439 425 ,
1458 371 1525 414 lit-

302 450 516 478 teratorum
530 433 712 477 manibus
728 436 800 477 teri
811 467 822 484 ‚
838 430 947 492 quod
965 428 1069 474 forte
1087 432 1132 474 ad
1148 448 1292 493 paucos
1310 437 1458 489 majora
1475 433 1523 474 il-

300 495 338 538 la
356 496 574 541 Volumina
592 497 854 556 pervenerint.
879 491 960 535 Alii
982 509 1139 553 quoque
1165 491 1269 534 Libri
1298 491 1347 534 ab
1370 494 1526 536 Acade-

301 561 413 601 micis
428 556 652 617 conscripti,
666 561 811 616 quique
821 556 932 598 variis
948 556 988 595 in
1004 570 1147 615 congre
1156 549 1271 595 sfibus
1290 552 1375 596 sunt
1395 553 1415 596 ἑ
1436 553 1526 596 scri-

300 632 373 678 pto
400 621 570 669 recitati,
594 632 701 659 nunc
726 630 870 676 magna
890 628 933 654 ex
962 630 1067 675 parte
1087 613 1189 674 apud
1209 611 1448 676 Bibliopolas
1465 614 1527 656 de-

303 676 532 721 fiderantur.
550 681 674 733 Cujus
693 680 846 739 generis
864 672 951 715 sunt
977 672 1137 730 Physica
1149 678 1362 717 tentamina
1376 675 1397 717 ’ὲ
1426 679 1527 719 Viris

304 742 453 782 eximiis
484 742 537 781 D.
558 740 750 790 Perrault,
780 743 818 779 &
840 738 892 777 D.
923 736 1115 778 Mariotte
1133 733 1329 777 elaborata
1347 770 1359 788 ,
1383 752 1428 779 ut
1455 735 1527 778 alia

300 815 544 861 privatorum
562 796 760 860 Opuscula
777 797 895 856 quam
923 795 1087 857 plurima
1102 800 1408 858 praetermittam.

364 859 642 921 Qmobiem
662 858 769 902 hunc
785 856 948 902 Librum
960 857 1233 910 neciiiutilem,
1244 874 1315 900 nec
1327 862 1524 920 ingratum

303 923 498 966 bonarum
520 925 676 965 Artium
696 916 873 963 studiofis
906 915 1083 960 futurum
1110 915 1241 980 spero,
1267 917 1293 960 fi
1315 935 1377 962 tot
1394 919 1525 962 disser-

303 988 471 1027 tationes
491 983 583 1024 cum
600 985 640 1024 in
660 982 784 1025 Libris
805 981 1159 1032 Academicorum,
1185 995 1271 1022 tum
1288 985 1328 1022 in
1347 981 1527 1025 Tabula-

302 1049 364 1086 riis
380 1043 603 1087 Academiae
624 1042 777 1104 sparsas,
798 1056 842 1082 ex
863 1044 976 1084 omni
999 1057 1099 1102 pene
1120 1041 1386 1083 doctrinarum
1403 1059 1527 1104 gene-

303 1121 342 1147 re
369 1105 564 1165 decerptas
591 1102 642 1146 fic
664 1102 852 1164 colligam
869 1109 906 1146 &
934 1100 1165 1144 contraham
1180 1136 1191 1154 ,
1217 1117 1260 1144 ut
1277 1100 1526 1164 perspicuita-

303 1170 333 1210 ti
358 1183 443 1210 non
465 1162 573 1208 obsit
588 1163 770 1215 brevitas,
795 1180 870 1206 nee
900 1163 1084 1206 brevitati
1104 1161 1350 1225 perspicuitas
1369 1182 1380 1211 ·,
1414 1162 1527 1208 fimul

303 1243 366 1271 tot
392 1226 568 1289 pi'aeclara
584 1231 744 1269 inventa
761 1231 800 1268 &
815 1228 947 1285 generi
961 1224 1136 1267 humano
1154 1224 1264 1266 utilia
1281 1229 1320 1266 in
1343 1223 1528 1284 Physicis,

304 1289 532 1347 Chymicis,
548 1291 589 1330 iri
605 1304 644 1329 re
666 1285 1111 1339 herbaria,Anatomia‚
1131 1288 1375 1339 Geoinetria,
1399 1286 1526 1349 Alge-

304 1349 374 1393 bra
386 1385 398 1402 ‚
415 1349 653 1392 Meclianica
664 1383 676 1401 ,
691 1347 970 1399 Hydrostat'ica
982 1382 993 1399 ‚
1015 1351 1243 1408 Dioptrica3
1265 1363 1327 1390 tot
1342 1345 1527 1391 observa-

304 1415 431 1453 tiones
449 1427 534 1452 non
557 1412 687 1453 minus
712 1408 821 1451 utiles
838 1411 957 1469 quam
983 1408 1168 1464 jucundas
1193 1412 1234 1450 in
1269 1408 1527 1453 Asti‘onomia

302 1488 368 1533 per
389 1490 438 1522 30
458 1488 583 1514 annos
600 1468 719 1513 faeras
739 1474 782 1512 in
805 1486 928 1512 unum
948 1469 1068 1513 veluti
1082 1485 1220 1530 corpus
1239 1467 1289 1513 fic
1308 1470 1496 1513 adducam
1514 1506 1527 1524 ,

302 1549 345 1575 ut
362 1532 548 1586 deletffiis,
562 1532 729 1585 ordinis,
749 1535 932 1574 &nitoris
954 1534 1052 1573 ratio
1070 1528 1309 1593 potissimum
1322 1531 1526 1576 habeatur.

364 1598 444 1636 Hic
465 1594 624 1651 quidem
642 1592 756 1635 labor
776 1608 866 1635 ante
890 1593 1041 1652 aliquot
1067 1609 1189 1635 annos
1215 1593 1311 1635 mihi
1331 1596 1528 1650 injunCtus

300 1652 445 1707 fuerat,
464 1654 527 1697 sed
546 1653 669 1697 multa
686 1658 898 1715 quominus
917 1655 964 1696 ad
991 1658 1137 1696 exitum
1148 1654 1352 1715 perdudlms
1376 1653 1528 1715 publici

299 1720 391 1773 juris
411 1714 522 1758 fieret
537 1751 550 1768 ,
575 1715 775 1759 obstitere.
802 1718 931 1759 Atrox
957 1715 1052 1757 illud
1085 1714 1253 1768 bellum,
1274 1732 1354 1776 quo
1373 1719 1527 1779 Europa

299 1793 399 1839 pene
417 1792 501 1819 tota
517 1777 575 1819 his
592 1781 702 1820 annis
720 1775 827 1829 arsit,
839 1793 925 1819 aetas
945 1777 1450 1838 admodumingravescens,
1464 1783 1528 1821 in—

300 1838 413 1881 firma
431 1838 617 1881 valetudo
635 1874 647 1891 ‚
674 1854 718 1880 ut
736 1838 806 1879 alia
834 1842 1018 1881 omittam
1043 1837 1207 1909 Plurima
1221 1874 1232 1891 ,
1257 1838 1369 1895 liujus
1386 1843 1527 1901 Operis

299 1900 532 1943 Editionem
546 1900 799 1942 retardarunt.
820 1899 1394 1959 Nequeveromeliujiismorte
1414 1901 1527 1944 valde

298 1965 485 2022 poeniter:
510 1959 698 2022 siquidem
715 1961 762 2002 ad
782 1977 928 2002 annum
957 1962 1238 2004 tantummodo
1260 1975 1350 2012 1692.
1372 1962 1527 2006 Acade—

300 2027 387 2064 miae
405 2026 487 2066 aesta
506 2020 689 2084 prosequi
710 2022 936 2073 statueram,
954 2039 1037 2083 quae
1057 2022 1103 2064 ad
1118 2039 1264 2066 annum
1284 2025 1403 2084 iisque
1415 2034 1525 2079 1697.

299 2084 473 2143 perduxi.
