1638 2345
272 82 564 116 ACADEMiAE
599 80 1087 119 HISTORIA.1.11³.1V.
1219 101 1252 123 ⁴2

80 130 128 162 11.
156 128 308 171 Postquam
336 130 480 159 Botanicae
503 137 599 157 ortum
615 148 624 163 ,
662 130 692 158 &
716 124 892 169 progressum
917 131 1012 171 paucis
1035 129 1185 174 exposuit,
1207 104 1382 177 0²pu73130m-

46 172 126 204 suum
143 175 172 203 in
189 183 244 203 tres
267 171 370 202 dividit
384 180 475 214 partes
493 181 501 205 3
524 172 552 200 in
573 172 664 212 prima
684 169 801 214 quidem
815 192 824 206 ‚
838 181 894 213 qua
907 175 1016 203 ratione
1033 172 1197 217 plantarum
1212 177 1228 207 s
1244 191 1275 209 c-
1293 185 1359 213 nica,

46 219 103 246 cies
130 219 160 246 in
185 211 230 246 sua
248 225 366 258 quaeque
387 225 492 257 genera
514 212 681 255 redigantur
701 235 710 249 ‚
743 215 863 256 inquirit
894 226 902 250 5
932 217 961 245 in
989 215 1109 249 secunda
1145 220 1217 262 quas
1234 234 1279 254 am

45 258 96 290 ille
116 258 269 301 praescribit
290 257 400 301 regulas
421 280 431 294 ‚
459 255 563 300 quibus
585 256 714 300 stirpium
737 268 841 300 genera
863 259 893 288 in
919 269 1007 291 certas
1027 261 1187 294 tribuantur
1207 264 1279 295 clas.

45 301 86 334 ses
99 314 108 338 3
122 305 151 333 in
165 306 244 335 tertia
255 306 286 336 &
299 312 403 344 genera
421 305 452 333 &
468 299 563 331 claffes
580 298 747 343 singillatim
762 312 911 333 enumerat
925 314 933 337 ·‚
950 314 1033 346 atque
1044 305 1103 337 haec
1116 310 1211 350 primo
1225 319 1279 339 v0-

46 343 156 377 lumine
172 348 356 377 continentur
377 359 385 376 z
407 356 474 375 iiam
490 347 519 374 in
538 343 662 375 secundo
686 347 717 375 &
739 346 824 376 tertio
844 347 941 377 icones
966 351 1089 391 partium
1103 376 1111 387 ‚
1129 352 1159 380 in
1174 350 1279 394 quibus

44 389 167 432 insignes
187 399 260 420 nota:
278 400 417 432 generum
438 389 568 419 omnium
589 387 774 425 elucescunt,
805 388 841 420 ad
865 392 966 421 vivum
985 392 1119 436 expieffae
1139 393 1202 425 sunt
1216 417 1225 430 ,
1248 399 1280 427 δε

47 436 94 464 :eri
114 433 217 465 incisae.
931 453 934 455 -

84 478 118 507 11
133 479 155 506 1.
182 476 291 508 Eodem
305 486 406 518 genere
422 473 571 505 censentur
590 472 691 518 plaiitae
707 496 718 510 ,
742 477 772 505 in
787 474 891 517 quibus
912 475 1012 509 fimilis
1025 480 1062 510 est
1076 481 1196 521 partium
1212 481 1284 512 stru-

47 520 146 555 ‹stura‚
168 523 199 551 ὃ(
221 531 316 551 earum
338 518 485 554 maxime,
509 529 571 561 quae
585 517 688 560 insigni
707 528 795 554 nota,
814 522 845 551 &
859 524 1008 552 communi
1024 522 1149 563 quodam
1165 525 1283 555 chame-

46 573 104 593 tere
128 562 163 593 ab
186 562 247 594 aliis
273 563 464 594 secernuntur.
490 563 591 604 Specie
616 561 688 592 verb
709 561 772 592 sunt
791 561 928 604 diversa:‚
952 568 982 596 in
998 564 1100 608 quibus
1123 565 1231 608 aliquid
1245 569 1283 599 est

46 605 185 649 singulare
200 628 211 641 ‚
233 606 313 650 quod
324 605 359 636 ab
380 604 441 636 aliis
461 605 587 647 ejusdem
600 606 711 647 generis
732 616 777 635 eas
801 605 989 640 discriminat.
1020 609 1211 641 CharaCkeres
1231 622 1283 653 ge-

45 651 133 680 nerici
150 652 179 680 in
191 661 246 681 una
269 660 379 693 quaque
394 649 485 691 specie
500 671 509 684 ‚
532 649 626 692 quoad
642 646 705 679 fieri
723 648 832 692 potest,
846 648 895 680 fibi
916 649 1021 682 similes
1040 650 1094 683 effe
1109 652 1233 689 debent,
1249 658 1281 686 &

46 691 189 724 sensibiles
203 715 212 729 ,
236 693 308 724 adeo
327 703 358 724 ut
378 693 487 724 adverti
509 691 593 722 facile
615 690 729 734 possint.
756 693 853 734 Atque
875 694 934 724 haec
949 706 1053 737 genera
1073 699 1156 727 certis
1178 696 1281 736 [ignari

46 735 152 767 debent
172 735 339 767 nominibus
357 758 367 772 ‚
388 746 450 779 quae
476 735 491 765 ὲ
523 735 659 766 stimuum
685 738 807 778 partium
832 739 927 779 potitis
943 737 1031 780 quam
1054 750 1088 769 ex
1114 731 1283 784 etimoiogia

45 779 168 822 petenda
195 779 266 811 sunt.
296 780 446 822 Siquidem
469 782 630 810 notationes
656 780 810 809 nominum
833 791 969 822 magnam
993 781 1064 825 saepe
1088 786 1117 813 in
1144 795 1283 826 generum

45 826 214 866 cognitione
233 826 346 867 pariunt
366 821 575 854 confusionem.
599 821 695 863 Atque
719 833 753 851 ex
780 821 928 854 occasione
952 825 1075 868 quadam
1095 851 1104 865 ‚
1125 837 1171 856 aut
1187 826 1201 856 ὲ
1220 831 1287 869 qui,

46 864 164 897 busdam
188 870 287 904 notis,
312 877 377 908 quae
394 869 422 897 in
443 877 498 897 una
518 876 565 896 aut
584 863 671 895 altera
693 876 846 896 occurrunt
874 866 981 908 specie,
1002 868 1093 899 indita
1116 868 1179 900 sunt
1206 870 1288 913 plan-

46 911 82 940 tis
101 909 262 941 vocabula:
289 921 355 940 cum
379 920 473 940 tamen
500 911 572 939 ratio
595 906 727 938 habenda
745 906 776 939 sit
799 908 969 941 characteris
991 911 1139 952 cujusdam
1160 912 1215 943 esse
1241 917 1290 945 tia-

46 951 80 983 lis
94 976 103 988 ,
125 956 173 996 qui
189 952 325 984 omnibus
350 963 427 995 :eque
451 951 595 995 speciebus
623 954 776 982 conveniat
791 973 800 986 ‚
825 954 855 982 δέ
873 955 918 983 cui
941 964 1050 984 nomen
1063 953 1156 997 ipsum
1173 978 1180 990 ‚
1197 955 1215 986 si
1230 955 1292 988 fieri

46 997 160 1039 potest,
182 995 213 1028 fit
238 996 390 1040 illigatum.
414 997 461 1026 Sic
488 996 648 1027 Leuco'i'um
667 1014 675 1028 ‚
700 993 719 1025 si
746 993 782 1025 ad
806 997 933 1025 nominis
956 999 1100 1039 originem
1127 998 1266 1030 referatur
1281 1023 1291 1036 ,

46 1039 156 1071 violam
181 1039 277 1072 albam
301 1037 527 1075 tantummodi),
557 1049 616 1069 non
637 1048 726 1080 genus
749 1035 842 1081 ipsuin
870 1037 1053 1082 designabit:
1080 1040 1165 1083 idque
1190 1043 1295 1074 confu-

47 1081 104 1114 sam
125 1086 236 1127 generis
258 1084 352 1115 ideam
375 1083 466 1115 dabit.

84 1129 146 1158 1V.
175 1126 288 1158 Verum
310 1129 411 1158 hocin
434 1136 468 1157 ea.
490 1137 519 1156 re
544 1135 629 1169 caput
643 1124 681 1157 est
697 1145 706 1160 ‚
729 1134 761 1156 ut
782 1126 977 1156 characterem
1005 1126 1096 1169 ipsum
1118 1132 1292 1170 genuinurm

47 1180 107 1200 non
130 1169 256 1213 spurium
279 1173 310 1201 δε
329 1171 500 1201 ementitum
523 1169 674 1200 statuamus
687 1190 696 1203 ‚
713 1168 773 1210 quo
799 1168 903 1212 species
919 1180 1040 1212 quaeque
1055 1170 1091 1200 ad
1104 1171 1184 1202 suum
1202 1184 1292 1215 genus

48 1211 189 1245 referatur
203 1239 212 1253 ‚
237 1215 317 1256 isque
333 1216 362 1245 in
385 1213 468 1255 stirpe
491 1211 547 1256 ipsa
561 1234 569 1247 ‚
592 1223 652 1242 non
679 1211 749 1242 fotis
764 1211 933 1253 quaerendus
951 1213 998 1243 est.

91 1259 129 1289 V.
153 1259 187 1287 In
212 1256 310 1299 planta
333 1256 402 1288 vero
420 1255 482 1286 sunt
506 1255 585 1285 radix
613 1259 644 1286 δέ
668 1254 764 1284 semen
785 1253 830 1284 seu
853 1254 982 1289 fruetus,
998 1256 1074 1286 unde
1100 1261 1130 1289 &
1159 1258 1247 1288 caulis
1262 1262 1292 1289 i'n

50 1298 146 1331 herbis
161 1322 170 1335 ‚
195 1311 311 1331 truncus
332 1303 359 1330 in
376 1297 543 1332 amoribus,
566 1295 633 1327 folia
656 1301 686 1329 &
711 1296 796 1327 flores
815 1295 981 1329 nascuntur.

91 1342 217 1384 Singulae
233 1343 365 1385 cujusque
386 1342 479 1384 stirpis
496 1350 587 1382 partes
606 1339 714 1381 duplici
733 1349 835 1381 genere
858 1338 1026 1371 tubulorum
1040 1344 1167 1374 constant
1179 1367 1186 1378 ‚
1211 1345 1226 1373 e
1243 1356 1294 1374 va-

47 1385 80 1417 fis
100 1397 201 1430 nempe
227 1389 255 1416 ὃ(
279 1385 398 1416 tracheis
417 1406 426 1418 ,
446 1382 509 1414 vasa
532 1382 645 1412 succum
669 1384 818 1412 nuttitium
842 1381 877 1411 ad
894 1386 1105 1424 vegetationem
1128 1386 1232 1429 plantoe
1244 1388 1294 1418 de-

49 1427 144 1460 ferunt
166 1451 176 1465 ,
201 1428 347 1459 Tracheas
367 1427 450 1457 instar
474 1424 646 1469 pulmonum
670 1423 746 1460 esse,
778 1428 808 1454 &
831 1427 896 1455 aere
923 1425 1038 1469 impleri
1060 1431 1153 1460 censet
1181 1430 1295 1474 Malpi-

50 1473 133 1515 gliius
154 1487 161 1504 :
186 1472 246 1502 haec
265 1471 323 1502 duo
350 1470 518 1502 tubulorum
538 1479 643 1510 genera
668 1470 699 1498 in
729 1466 870 1498 radicibus
898 1471 929 1499 &
951 1472 1037 1500 ramis
1057 1471 1147 1514 sparsa
1165 1476 1194 1503 in
1216 1485 1295 1505 trun-

51 1527 85 1546 co
112 1519 142 1546 Sc
162 1515 240 1546 caule
261 1514 437 1558 colliguntur
451 1535 459 1548 ,
483 1524 541 1544 non
566 1510 618 1542 sibi
638 1509 743 1542 mutuo
767 1512 900 1553 proxime
928 1513 1091 1550 colia-rent,
1113 1515 1158 1546 sed
1179 1519 1295 1557 interje-

53 1559 100 1589 &u
119 1558 308 1589 uti-iculorum
323 1581 330 1594 ,
359 1561 389 1589 δι
408 1555 483 1599 quafi
503 1554 689 1586 veficularum
711 1565 850 1585 connexa.
883 1554 1021 1586 Vcsiculae
1044 1570 1139 1589 autern
1159 1558 1214 1590 111ae
1235 1559 1296 1590 suc-

52 1613 87 1632 co
112 1600 186 1633 velut
213 1602 346 1644 sanguine
367 1599 540 1644 implentur,
563 1601 604 1630 uti
624 1610 658 1630 ex
680 1596 846 1640 Malpigliio
866 1597 926 1629 alio
952 1598 1018 1630 loco
1043 1601 1154 1632 dictum
1175 1602 1189 1632 ὲ
1211 1603 1295 1634 nobis

56 1644 119 1676 fuit.

89 1691 153 1720 VI.
177 1689 322 1721 Tracheas
345 1688 472 1731 stirpium
491 1683 631 1729 aptissime
651 1684 806 1716 delineatas
831 1683 919 1717 habes
955 1688 984 1716 in
1013 1685 1109 1718 tabula
1133 1701 1184 1732 45¹
1215 1691 1295 1734 liujus

54 1733 245 1775 opetis‚baee
266 1734 331 1764 vasa
359 1734 389 1762 in
411 1731 490 1773 spirae
511 1729 633 1761 modum
656 1739 809 1768 contorta,
824 1740 855 1759 ac
875 1728 1009 1772 pleraque
1031 1731 1115 1762 instar
1139 1737 1230 1765 tenuis
1253 1734 1294 1765 la-

56 1777 142 1806 minae
167 1775 283 1807 diducta
301 1780 331 1807 ὅ(
361 1774 518 1807 convoluta
542 1772 671 1817 partibus
701 1771 871 1814 squamatim
893 1772 991 1816 positis
1021 1784 1218 1817 coagmentata
1238 1790 1295 1808 cct-

58 1829 184 1851 nuiitut:
201 1830 291 1861 eaque
307 1818 391 1850 facile
405 1817 516 1861 deteges
529 1844 537 1857 ,
556 1817 576 1848 si
598 1815 740 1848 ramulum
762 1816 832 1848 rosae
858 1827 904 1847 aut
923 1821 989 1849 vitis
1001 1840 1010 1854 ‚
1033 1829 1079 1849 ant
1094 1820 1211 1852 alterius
1235 1823 1296 1851 stir-

58 1864 102 1904 pis
122 1873 251 1893 tenerum
275 1861 442 1906 disrumpas.
467 1861 545 1892 illud
566 1860 687 1892 advertit
709 1860 750 1890 D.
779 1858 961 1892 Toni-nefor:
983 1873 1029 1892 eas
1051 1864 1177 1893 tracheas
1198 1887 1206 1898 ‚
1229 1875 1296 1896 cum

60 1905 229 1948 franguntur
242 1928 251 1942 ‚
270 1917 351 1939 motu
375 1906 488 1938 clastico
509 1904 628 1936 donari:
656 1904 701 1934 seu
720 1903 840 1935 lamellae
855 1902 967 1948 spitales
982 1905 1128 1948 producite
1149 1908 1294 1949 pristinam

61 1948 186 1981 formam
211 1948 262 1981 sibi
284 1950 449 1985 restituant,
475 1953 505 1981 &
527 1947 692 1979 conclusum
709 1951 772 1979 aera
794 1958 959 1984 excutiant,
980 1960 1011 1978 ac
1034 1949 1154 1980 vicissim
1177 1954 1225 1981 ae'r
1246 1950 1294 1981 illc

61 2003 107 2023 eas
127 1992 261 2025 succutiat
275 2016 283 2029 ,
306 1997 335 2025 δι
350 1993 410 2037 post
430 1992 539 2036 aliquot
554 1995 607 2024 itus
629 1996 658 2024 &
677 1991 782 2023 reditus
798 1991 945 2034 piistinurn
966 1991 1048 2023 situm
1065 1995 1198 2036 recipiant
1213 2005 1221 2029 3
1238 1994 1294 2026 ssve

64 2040 198 2068 exteriori
222 2036 322 2069 cedant
342 2039 400 2067 a‘eii
418 2050 425 2068 ι
450 2048 515 2068 nam
536 2036 598 2079 plus
619 2035 683 2067 satis
707 2035 852 2078 producite
879 2033 996 2066 elaterio
1019 2037 1118 2067 aniill'o
1137 2036 1291 2069 tabescent.

67 2078 138 2110 Non
154 2084 231 2111 enim
255 2080 387 2113 abhorret
411 2079 426 2109 -ὶ
448 2092 515 2112 vcro
531 2081 590 2111 haec
613 2080 675 2111 vasa
700 2076 754 2111 effe
775 2077 943 2122 excipiendo
960 2082 1018 2110 a'c'ii
1041 2092 1151 2124 apiani,
1174 2083 1222 2123 qui
1237 2082 1293 2112 suc-
