1638 2345
208 202 300 233 mm.

209 250 287 287 ³695

322 157 383 200 '‘353-
632 146 818 184 REGIAE
853 146 1269 180 SCIENTIARUM

323 203 398 232 riore
417 207 484 231 cum
495 194 608 230 duobus
629 193 745 226 ramulis
763 190 845 222 osseis
864 192 887 222 E
901 213 910 226 ,
932 193 951 222 F
966 215 975 229 ‚
996 189 1093 220 minus
1107 187 1200 221 craffis
1213 212 1222 225 ‚
1243 190 1329 234 qukm
1343 190 1375 223 fi:
1387 187 1550 232 offisiplius'

322 255 424 286 corpus
440 243 570 273 nectitur.
597 236 710 280 Singuli
723 237 795 267 rami
807 233 920 266 duobus
931 231 1008 278 quasi
1027 232 1083 264 filis
1101 233 1184 265 oss'eis
1200 233 1348 278 inaequalis
1363 232 1551 276 longitudinis

323 287 472 321 constant,
497 285 555 315 haec
571 281 627 312 una
649 284 817 323 junguntur.

367 331 504 361 Anterius
541 324 660 368 quidem
684 323 768 355 filum
797 320 1016 364 uniuscujusque
1041 324 1112 352 rami
1136 320 1332 364 sesquipollicc
1357 319 1557 352 tantummodo

325 373 446 417 longum
464 371 501 401 est
517 382 525 405 ς
548 369 684 411 posterius
700 391 709 404 ‚
729 372 760 399 &
783 366 936 411 Alphonlo
950 364 1067 396 Botello
1081 368 1204 395 omnino
1226 367 1406 409 incognitum
1418 364 1452 394 ad
1467 366 1558 407 quin-

325 428 382 459 que
396 427 443 446 aut
461 413 508 444 sex
527 414 635 455 digitos
654 410 835 456 protenditur
849 433 858 446 ,
876 421 941 441 cum
963 411 1040 440 renui
1059 407 1224 451 cartilagine
1243 408 1274 439 id
1296 414 1337 451 jur
1349 409 1427 438 Ctum
1449 408 1487 437 cst
1500 428 1509 441 ‚
1529 410 1558 437 in

326 470 412 503 quam
433 456 534 489 definit
557 470 565 488 ι
592 455 663 486 adeo
681 466 711 485 ut
735 455 782 485 hic
802 452 926 485 ramulus
940 452 996 483 osle
1016 450 1146 493 hyo't'dc,
1171 455 1202 482 ὃ(
1227 449 1324 495 lingua
1347 450 1428 482 simul
1454 450 1561 491 jumstis

325 501 413 542 triplo
431 500 463 532 sit
479 499 605 542 longior.
636 500 678 529 Hi
696 497 799 529 ramuli
822 501 871 538 qui
895 495 930 526 ad
946 507 978 526 os
997 495 1119 536 lryo’i'dcs
1135 496 1278 538 pertinent
1291 517 1299 530 ‚
1323 495 1405 524 instar
1421 504 1501 524 arcus
1524 491 1561 524 fic

325 544 535 578 inficetuntur,
561 553 591 573 ut
612 553 673 585 pars
695 541 789 572 media
803 539 871 571 colli
889 538 974 570 latera
993 548 1114 580 occupet
1129 559 1138 573 ‚
1158 540 1187 568 &
1211 548 1335 568 extrema
1358 548 1459 567 eorum
1481 546 1562 567 ante-

323 590 400 619 riora
421 587 472 619 sub
496 587 584 617 rostro
608 584 741 615 inferiori
760 582 854 614 delata
877 585 905 613 in
933 593 966 612 os
988 581 1112 623 hyo'ides
1134 579 1264 612 desinant
1287 602 1296 615 ,
1319 591 1444 611 extrema
1465 589 1562 610 autem

323 632 480 674 posteriora
492 641 555 672 quae
573 629 714 660 summam
731 629 831 671 capitis
851 637 960 669 partem
981 624 1136 656 decurrunt
1150 646 1159 660 ,
1182 635 1262 654 nares
1279 623 1295 654 Ξ
1311 635 1386 667 parte
1409 624 1506 653 dextra
1520 621 1564 653 su-

325 675 411 706 beant
424 696 434 710 ,
453 678 522 704 citra
542 683 637 704 tamen
654 671 745 703 ullam
767 681 834 702 curn
846 672 880 701 iis
899 667 1129 699 articulationcm
1143 689 1152 703 ,
1170 666 1251 710 quod
1269 670 1365 710 utique
1380 666 1483 709 lingua-
1496 676 1565 709 pro-¹

324 716 495 749 ductionem
517 727 577 746 non
595 726 696 758 parum
711 714 827 757 adjuvat
841 736 850 749 ‚
870 715 913 743 uti
929 723 996 742 mox
1009 710 1132 742 dicetur.

369 765 408 793 V.
459 762 505 791 Os
516 759 664 801 hyo'i'deS‚
684 762 714 789 ὅ(
739 759 865 788 anterius
885 754 1061 786 ramulorum
1080 752 1260 785 filamentum
1281 752 1417 796 vaginula
1437 751 1562 794 quadam

326 805 491 836 conduntur
515 816 522 834 ε
543 814 606 845 quae
625 803 726 844 vagina
747 811 782 831 cx
799 799 848 831 illa
862 800 1002 830 formatur
1022 798 1188 829 membrana
1205 822 1214 834 ,
1237 808 1300 839 quae
1319 797 1398 827 rostri
1419 795 1566 826 inferioris

324 859 435 891 partem
463 849 630 878 interiorem
651 845 731 875 vestit
754 856 762 879 ς
783 854 943 875 extremum
966 842 1049 880 hujus
1068 844 1179 884 vagina:
1201 851 1267 870 cum
1284 838 1397 871 orificio
1419 837 1561 870 corniculi

326 889 467 932 squamosi
488 889 593 932 lingua:
606 890 810 929 conjungitur,
829 897 917 926 eaque
937 884 1103 928 producitur
1119 906 1128 919 ‚
1151 894 1216 914 cum
1237 883 1333 925 lingua
1355 893 1433 913 extra
1446 882 1567 912 rostrum

327 933 473 976 profertur
491 954 500 968 ‚
529 943 559 962 ut
577 931 754 961 contrahitur
787 928 886 971 lingui
908 930 984 958 intra
1005 927 1125 958 rostrum
1145 926 1280 956 redeunte
1299 939 1305 957 :
1331 923 1493 967 squamosus
1515 923 1566 954 ille

329 976 493 1007 corniculus
506 997 516 1010 ‚
530 977 580 1016 qui
599 971 750 1003 ossiculum
765 971 869 1014 linguae
883 983 900 1002 ti
912 973 953 1014 git
965 992 974 1005 ‚
990 969 1109 1012 superne
1122 980 1264 1001 convexus
1281 969 1318 998 cst
1333 991 1341 1003 ,
1361 967 1471 998 inferne
1484 979 1568 998 com-

328 1018 460 1063 planatus
489 1021 519 1049 &
541 1021 615 1047 intus
642 1027 726 1046 cavus
757 1029 764 1046 :
794 1018 938 1056 utrimque
965 1025 1088 1044 armatur
1111 1012 1257 1054 sextuplici
1276 1011 1391 1054 cuspide
1410 1010 1569 1041 admodum

329 1065 406 1093 tenui
417 1085 427 1098 ‚
441 1060 561 1091 inflexili
576 1082 584 1094 ‚
605 1062 635 1090 &
650 1059 791 1102 diaphana
811 1071 818 1089 ι
844 1068 969 1088 extrema
984 1055 1130 1098 cuspidum
1144 1055 1290 1099 paululum
1308 1054 1493 1085 infltd‘tuntur
1505 1065 1571 1085 ver-

330 1104 375 1136 sus
393 1116 501 1148 guttur.
528 1103 618 1144 quue
639 1114 695 1132 non
718 1102 852 1132 abhorret
872 1100 888 1130 5.
913 1098 1059 1130 verifimili
1073 1098 1252 1130 corniculum
1271 1099 1313 1128 his
1339 1097 1451 1142 spiculis
1472 1100 1570 1128 muni·

332 1159 393 1179 tum
417 1148 509 1190 ipsum
535 1146 589 1178 effe
616 1156 758 1187 organum
783 1156 842 1186 quo
865 1146 944 1186 picus
973 1142 1096 1183 praedam
1122 1142 1197 1173 suam
1217 1142 1251 1172 ad
1272 1141 1297 1172 sc
1317 1146 1409 1184 rapit,
1435 1141 1489 1171 hoc
1505 1143 1571 1183 qui-

332 1191 399 1222 dem
421 1190 530 1222 facilius
545 1213 555 1226 ,
575 1189 653 1231 quod
669 1187 742 1219 illud
765 1198 907 1229 organum
926 1185 1034 1217 viscosa
1045 1186 1165 1227 quadam
1181 1188 1298 1215 materia
1318 1185 1462 1216 imbuatur
1474 1206 1483 1218 ,
1500 1195 1563 1227 quae

334 1239 363 1266 in
378 1245 536 1265 extremum
552 1233 632 1264 rostri
657 1230 801 1261 inferioris
820 1230 844 1260 se
866 1240 1000 1259 exonerat
1019 1240 1067 1271 per
1085 1229 1156 1260 duos
1177 1227 1292 1259 tubulos
1311 1230 1483 1259 excretorias
1495 1249 1504 1261 ,
1519 1229 1571 1268 qui

335 1278 350 1308 ὲ
370 1278 478 1321 duplici
501 1275 642 1320 prodeunt
671 1273 806 1316 glandula
832 1272 1003 1315 pyramidali
1031 1276 1061 1302 in
1085 1284 1207 1314 utroque
1226 1271 1310 1302 latere
1334 1273 1462 1302 interiori
1485 1270 1571 1312 hujus

335 1324 423 1364 partis
442 1318 542 1363 posita.

387 1366 457 1402 Qo
477 1365 554 1405 picus
576 1363 631 1392 hoc
650 1370 774 1392 uteretur
794 1370 904 1401 organo
919 1385 927 1398 ,
948 1358 1046 1389 multis
1060 1358 1075 1388 ὲ
1088 1369 1185 1389 natura
1206 1359 1243 1389 cst
1255 1359 1405 1390 instruCtus
1424 1356 1571 1392 musculis,

337 1417 461 1449 quotum
482 1405 616 1436 nonnulli
637 1405 672 1434 ad
695 1403 818 1434 ramulos
837 1400 902 1432 ossis
928 1402 1045 1442 hyo'i'dis
1068 1402 1193 1445 [pediam
1218 1413 1226 1435 ·‚
1254 1406 1329 1445 iique
1346 1401 1471 1442 linguam
1492 1399 1570 1430 foras

338 1460 457 1480 exerunt
470 1471 479 1484 ,
502 1448 551 1478 alii
566 1448 602 1478 ad
620 1450 751 1489 vaginam
764 1467 773 1481 ,
792 1456 855 1489 quae
871 1457 902 1475 os
919 1444 1040 1486 hyo’ides
1057 1456 1123 1475 cum
1141 1443 1293 1475 filamcntis
1307 1444 1484 1475 ramulorum
1497 1446 1572 1474 inte.

341 1495 449 1523 riorum
478 1491 626 1526 includit,
649 1494 727 1533 iique
749 1489 877 1531 linguam
899 1490 971 1519 intra
996 1489 1114 1519 rostrum
1138 1489 1282 1519 retrahunt
1313 1491 1353 1523 B,
1376 1487 1396 1518 B
1416 1501 1423 1518 ι
1441 1485 1504 1517 sunt
1519 1485 1574 1517 de-

341 1538 427 1577 nique
449 1536 488 1565 sui
508 1534 628 1565 musculi
653 1533 754 1576 lingum
781 1534 912 1575 proprii,
937 1534 987 1573 qui
1010 1543 1072 1562 eam
1091 1530 1218 1566 sursum,
1240 1530 1373 1562 deorsum
1387 1553 1397 1567 ‚
1422 1532 1452 1560 δε
1467 1532 1572 1560 utrim-

341 1589 396 1620 que
424 1577 542 1608 flestunt
561 1577 596 1608 ad
619 1576 714 1608 latera.

386 1624 414 1652 V
428 1623 450 1651 1.
488 1623 652 1663 Unicuique
677 1617 787 1650 ramulo
810 1616 876 1649 offis
892 1617 1010 1658 hyo'i'dis
1031 1629 1102 1648 unus
1125 1617 1260 1648 tribuimr
1279 1615 1442 1652 mustulm,
1466 1618 1509 1650 A,
1531 1616 1574 1651 A,

349 1664 376 1694 Α
390 1686 398 1699 ,
421 1665 467 1699 A,
488 1666 538 1706 qui
559 1663 605 1694 sua
628 1662 809 1704 longitudine
835 1661 962 1704 linguam
980 1687 988 1700 ,
1009 1672 1041 1690 os
1068 1661 1188 1700 hyo'i'des
1205 1673 1269 1691 cnm
1291 1661 1342 1691 suis
1365 1662 1448 1690 ramis
1471 1669 1573 1700 aequat.

353 1709 395 1738 Hi
417 1707 474 1737 duo
492 1706 612 1737 musculi
632 1709 774 1748 originem
790 1704 867 1736 suam
886 1704 994 1736 ducunt
1015 1703 1030 1733 31
1052 1714 1128 1747 parte
1149 1707 1285 1735 anteriori
1304 1702 1432 1737 laterali,
1452 1705 1482 1732 &
1499 1704 1575 1733 inte.

349 1751 424 1780 riore
441 1751 520 1780 rostri
544 1749 685 1780 nrfsioris
700 1771 709 1785 ‚
732 1751 808 1790 iique
832 1748 927 1778 versus
948 1748 1114 1790 posteriores
1138 1758 1229 1789 partes
1264 1744 1396 1790 progreffi
1429 1744 1575 1776 filamenta

349 1791 416 1822 offis
433 1793 547 1833 hyo'idis
567 1793 719 1834 posteriora
735 1791 911 1826 involvunt,
940 1794 970 1822 &
994 1790 1136 1820 summum
1150 1801 1231 1832 caput
1248 1790 1428 1820 decurrentes
1456 1789 1491 1819 ad
1523 1799 1575 1818 ex-

351 1846 440 1865 trema
469 1835 682 1866 filamcntorum
706 1838 875 1878 perveniunt
893 1857 903 1870 ,
934 1833 1022 1876 iisque
1048 1833 1218 1864 inseruntur.
1244 1834 1323 1862 Hinc
1349 1832 1408 1862 duo
1431 1831 1574 1874 prodeunt

350 1877 503 1919 ligamenta
526 1877 641 1908 elaterio
662 1878 778 1920 praedita
800 1880 837 1913 1,
858 1879 893 1912 l,
915 1887 975 1919 quae
993 1876 1072 1907 simul
1090 1878 1184 1917 junCta
1207 1878 1322 1907 tertium
1347 1877 1368 1905 1.
1383 1898 1390 1910 ,
1416 1885 1575 1918 procreant,

351 1932 409 1963 quo
432 1920 604 1951 membranis
623 1924 732 1951 narium
749 1923 906 1951 ncstunrur.
935 1922 1005 1950 Haec
1031 1920 1183 1962 ligamenta
1199 1918 1356 1950 admodum
1379 1918 1440 1948 sunt
1457 1917 1574 1952 brevia,

352 1963 399 1994 scd
419 1963 500 1994 facile
523 1963 725 2007 producuntur.
753 1966 848 2005 Origo
870 1964 1065 1994 musculorum
1087 1963 1135 2002 A,
1157 1964 1183 1993 A
1199 1984 1208 1998 ,
1230 1961 1304 1993 infra
1321 1961 1476 1993 naturalem
1490 1959 1573 1991 suum

349 2005 510 2047 designatur
523 2029 533 2042 ‚
556 2017 587 2037 ut
606 2006 698 2037 oculis
717 2004 888 2043 subjiciatur.

393 2053 419 2080 V
433 2052 444 2079 l
456 2052 478 2081 1.
516 2051 594 2081 Cum
609 2052 692 2092 igitur
706 2048 897 2080 musculorum
916 2051 1074 2079 conrraffio
1092 2048 1172 2080 nullo
1193 2053 1309 2089 negotio
1324 2054 1417 2080 vincat
1437 2047 1574 2089 ligamen-

352 2103 446 2122 torum
473 2093 651 2124 rcsistentiam
666 2115 675 2128 ‚
696 2092 725 2122 id
753 2091 900 2122 intelledhi
920 2093 1001 2122 fii-ile
1025 2093 1061 2121 ast
1076 2115 1084 2127 ‚
1107 2092 1255 2134 quon-‚mlo
1280 2096 1296 2123 ii
1323 2093 1458 2123 contr-usti
1480 2088 1574 2118 secum

351 2136 460 2167 trahant
476 2147 551 2168 extra
568 2147 648 2168 nares
670 2135 845 2167 ramulorum
861 2134 924 2165 offis
944 2135 1058 2177 hyo'i'dis
1080 2147 1216 2166 extremas
1233 2140 1260 2167 ἃ
1281 2136 1444 2179 p<,stt·riorcs
1463 2142 1574 2174 partes,

1477 2175 1577 2217 casque
