1638 2345
198 163 286 193 Ans.

202 212 294 248 1674.

313 132 371 162 134
608 120 1236 152 REG1AESC11-2NT1ARUM

313 165 404 205 νίς-ἱππ
423 166 565 196 interioris
583 164 688 206 angulo
709 163 847 195 inseritur.
870 163 952 194 Alter
967 166 996 194 δε
1013 166 1107 194 minor
1126 162 1268 194 musculus
1280 185 1289 198 ‚
1306 173 1384 205 cujus
1400 162 1486 194 tendo
1500 164 1538 195 est

313 208 471 248 perforatus
488 230 496 243 ‚
519 219 553 238 cx
568 206 720 239 sclexoticae
738 206 835 236 itidem
851 210 979 249 margine
996 209 1105 241 oritur,
1134 205 1180 236 scd
1195 217 1228 236 <x
1249 218 1326 249 parre
1348 209 1436 250 priori
1447 218 1538 250 oppo-

312 250 362 282 fita
382 251 477 283 versus
497 253 640 281 minorem
661 249 738 281 oculi
761 249 918 293 angulum,
938 252 987 292 qui
1009 250 1192 294 posteriorem
1213 248 1290 280 oculi
1307 261 1417 293 partem
1439 250 1540 280 decur-

313 306 376 326 rens
400 294 512 327 alterius
531 293 650 325 musculi
676 293 785 325 tendini
804 295 952 329 occurrit,
977 304 1114 337 eumque,
1131 303 1161 323 ut
1186 292 1311 323 diximus
1326 315 1335 329 ‚
1371 292 1540 337 complesti-

313 347 367 369 tur.

351 382 459 412 Prioris
480 385 509 414 δε
533 382 648 422 majoris
666 378 787 410 musculi
811 378 875 410 usus
897 381 925 409 in
946 391 980 410 eo
998 378 1121 410 consistit
1139 402 1147 415 ,
1163 378 1241 422 quod
1257 377 1294 409 sui
1311 377 1435 410 tendinis
1451 381 1541 410 inter-

309 435 395 455 ventu
417 424 580 468 palpebram
603 426 769 454 interiorem
782 422 920 454 distendat
934 444 943 457 ,
960 425 1008 465 qui
1021 434 1155 454 corneam
1173 433 1246 465 tegat
1269 435 1278 453 .·
1295 422 1377 461 hujus
1396 424 1540 455 afflonem

309 466 423 507 adjuvat
449 468 519 499 alter
549 466 701 497 musculus.
720 467 797 497 Cum
824 468 901 496 (nim
924 477 1025 508 ngna
1044 478 1092 509 per
1113 477 1246 498 corneam
1269 466 1369 496 [metio
1393 464 1485 496 futura
1501 465 1541 496 cs-

309 508 449 553 set‚0pus
468 511 521 542 fuit
540 509 665 549 longiori
681 509 809 540 musculo
822 532 831 544 ‚
847 512 893 552 qui
912 520 987 539 totus
1010 512 1037 539 in
1056 509 1130 540 oculi
1152 507 1242 551 globo
1263 507 1398 538 collocari
1418 520 1475 538 non
1487 520 1542 551 po-

309 563 388 584 terat.
419 556 514 595 Qare
540 545 605 583 tans
623 552 701 595 longi
724 552 845 583 musculi
866 553 1011 582 aitionem
1042 564 1091 595 per
1108 552 1180 583 duos
1203 551 1361 582 mediocres
1383 550 1542 595 suppletam

309 600 459 638 oportuit,
487 607 611 641 quorum
629 595 699 627 alter
718 594 840 626 inflexus
862 599 1003 638 majorem
1026 597 1055 625 in
1084 595 1200 638 angusto
1219 594 1308 638 spatio
1330 593 1542 637 longitudinem

310 649 471 682 occuparet.

359 684 455 724 Hujus
476 686 618 714 interioris
642 681 817 714 membranae
837 693 900 725 quae
926 685 954 714 in
978 684 1058 713 omni
1083 679 1172 711 ferme
1196 684 1384 712 animantium
1405 692 1507 724 genere
1529 703 1540 719 ,

311 724 359 757 sed
378 726 489 758 diversa
511 729 620 758 ratione
649 730 678 757 ὅ(
699 726 835 757 ἱὶῐιιέὶυῑα
851 728 988 770 reperitur
1002 747 1012 760 ‚
1032 723 1183 755 substantia
1203 735 1306 755 cornea
1321 735 1390 768 pene
1408 724 1464 755 est:
1491 725 1540 755 hic

311 772 469 814 praecipuus
486 773 546 812 ejus
576 768 687 801 videtur
705 768 770 800 usus
797 780 828 800 ut
853 779 988 800 corneam
1014 767 1151 810 abstergat
1172 770 1201 798 δέ
1231 768 1350 798 humore
1371 767 1541 800 idemtidem

308 812 462 855 perfundat
475 835 484 849 ‚
506 824 541 843 ne
557 812 689 844 exsiccata
707 811 805 843 minus
817 811 966 856 pelluceat.
986 810 1072 844 Unde
1095 810 1206 841 homini
1229 814 1257 841 ὃ(
1274 810 1359 842 simia:
1381 810 1456 842 deest
1470 836 1479 850 ‚
1493 814 1543 855 qui

311 855 444 886 manibus
470 854 582 900 possunt
598 855 700 887 oculos
719 854 867 888 mundare.
886 854 920 886 Id
937 858 1012 885 enim
1026 852 1115 884 efficit
1132 853 1299 886 membrana
1318 853 1397 897 quod
1411 855 1543 886 homines

311 898 463 935 manibus,
475 910 506 931 ut
521 897 541 930 fi
564 899 634 942 quid
651 898 774 942 pulveris
795 897 870 929 oculi
893 897 983 941 globo
998 896 1162 933 adhaeserit,
1188 899 1216 929 id
1235 897 1408 928 membrana·
1422 908 1474 940 ope
1491 897 1542 929 de.

311 951 444 984 tergatur.
464 942 591 974 Tametsi
605 942 635 972 id
655 942 747 987 postea
766 940 820 972 fuit
833 941 848 972 ὲ
866 942 907 971 D.
929 941 980 972 Du
999 944 1112 981 Verney
1133 940 1315 972 observatum
1328 943 1357 971 in
1379 942 1543 984 quadrupe.

310 983 395 1016 dibus
415 997 478 1017 eam
517 984 661 1029 alpebram
680 984 733 1016 effe
753 984 932 1016 immobilem
946 1007 954 1020 ‚
975 987 1006 1015 ὅ(
1018 995 1089 1028 pene
1104 983 1324 1027 cartilagineain.
1353 985 1432 1015 Nam
1454 987 1486 1015 iis
1501 984 1543 1015 sa-

311 1031 347 1059 tis
364 1027 418 1059 fiait
440 1028 458 1061 fi
475 997 579 1072 glbbus
596 1027 673 1059 oculi
700 1027 871 1060 idemtidem
893 1027 1018 1058 affristus
1041 1026 1212 1058 membranae
1256 1026 1377 1058 landulis
1391 1049 1401 1063 ‚
1421 1027 1542 1059 humore

311 1082 345 1102 ex
365 1075 399 1103 iis
417 1083 549 1103 manante
587 1070 795 1103 erfunderetur.
820 1072 854 1102 Et
872 1070 990 1112 quidem
1010 1069 1111 1101 duetus
1135 1039 1277 1112 glandfiae
1302 1070 1483 1112 lachrymalis
1511 1073 1543 1102 in

311 1113 430 1146 homine
455 1115 530 1146 ultra
545 1084 711 1158 gEndulam
732 1125 791 1145 non
816 1114 1002 1158 producitur,
1029 1125 1060 1145 ut
1081 1116 1110 1144 in
1130 1113 1228 1145 avibus
1243 1136 1252 1149 ‚
1277 1113 1326 1145 ubi
1347 1115 1382 1144 ad
1412 1114 1542 1147 medium

311 1157 398 1201 usque
415 1161 557 1191 interioris
574 1157 717 1202 palpebrae
738 1160 880 1193 excurrit,
897 1160 927 1188 δέ
947 1156 997 1188 sub
1017 1168 1048 1187 ea
1068 1156 1210 1200 liquorem
1222 1154 1343 1188 effimdit
1360 1159 1389 1188 in
1407 1168 1542 1189 corneam

311 1200 381 1232 dum
399 1200 533 1244 palpebra
557 1204 578 1233 it
601 1201 729 1242 reditque
750 1199 864 1244 singulis
877 1211 950 1243 pene
969 1204 1134 1232 momentis.

362 1246 419 1275 XI.
446 1246 521 1275 Haec
542 1243 658 1288 quidem
669 1243 704 1275 cle
719 1244 834 1274 historia
846 1246 943 1274 avium
961 1245 1129 1275 anaromica.
1152 1245 1227 1284 Qae
1247 1253 1339 1274 autem
1360 1245 1390 1274 in
1412 1253 1542 1275 extremo

311 1297 398 1329 opere
421 1287 567 1327 subjicitur
588 1298 697 1329 magna·
723 1285 886 1318 Testudinis
914 1298 947 1317 ex
970 1285 1051 1317 India
1078 1285 1225 1317 Orientali
1249 1286 1373 1318 advectat
1397 1296 1543 1317 acccurata

311 1329 465 1374 descriptio
483 1322 666 1362 commodrhs
681 1329 796 1361 forsitan
820 1332 849 1360 in
863 1341 926 1360 eum
946 1328 1043 1359 locum
1059 1328 1124 1360 effet
1138 1329 1289 1370 rejicienda
1304 1352 1313 1365 ‚
1333 1329 1381 1360 ubi
1398 1327 1542 1371 agendum

312 1376 366 1405 erit
385 1373 421 1405 de
447 1375 503 1405 hoc
520 1385 621 1418 genere
641 1372 808 1405 animalium
831 1384 894 1415 quae
915 1372 1047 1404 dicuntur
1070 1373 1217 1415 amphibia
1230 1395 1239 1408 ‚
1266 1372 1343 1416 quod
1362 1376 1390 1403 in
1415 1381 1490 1403 terra
1509 1375 1542 1404 δε

311 1427 384 1460 aqua
398 1416 503 1460 degant
519 1420 568 1453 ·,in
586 1415 757 1448 antecessum
780 1427 877 1447 tamen
901 1427 1039 1459 perpauca
1064 1427 1098 1446 ex
1122 1419 1155 1446 iis
1173 1427 1235 1458 quae
1257 1419 1285 1447 in
1308 1416 1390 1454 hujus
1410 1414 1543 1448 animalis

312 1459 543 1492 conformatione
561 1459 622 1491 sunt
643 1459 868 1490 consideratione
889 1460 978 1501 digna
1001 1457 1080 1490 velut
1101 1462 1130 1490 in
1150 1457 1265 1490 transitu
1289 1458 1479 1500 subjiciemus.

701 1578 733 1615 C
771 1579 807 1615 A
839 1578 865 1615 P
894 1578 927 1614 U
950 1578 985 1613 T
1059 1576 1169 1615 VII.

810 1670 859 1700 De
879 1662 1047 1711 Testudinc.

316 1764 336 1794 l.
458 1763 508 1792 AEc
537 1759 663 1791 Testudo
683 1769 804 1802 quatuor
821 1758 906 1802 pedes
921 1757 1006 1800 longa
1018 1783 1027 1796 ‚
1049 1756 1161 1800 squama
1175 1767 1310 1799 tanquam
1324 1754 1425 1802 clypeo
1441 1754 1538 1798 dupli-

360 1765 441 1840 H
456 1809 481 1836 ci
502 1806 611 1835 munira
626 1812 684 1834 crat
695 1825 704 1838 ,
718 1813 806 1844 eaque
829 1814 862 1832 ex
888 1804 971 1833 variis
990 1801 1114 1844 partibus
1130 1804 1202 1831 inter
1216 1798 1241 1829 se
1262 1799 1414 1830 axffiffime
1429 1809 1539 1830 conne-

315 1852 355 1880 xis
380 1849 545 1890 compasta,
574 1858 635 1889 quae
647 1849 697 1877 uni
724 1848 755 1877 &
777 1845 870 1876 eidem
889 1843 940 1875 ossi
962 1847 1090 1875 interiori
1107 1842 1183 1886 quasi
1198 1845 1293 1873 cranio
1309 1842 1420 1872 cuidam
1437 1843 1539 1873 coliz-

315 1888 423 1924 rc‘banr.
446 1895 576 1935 squama
596 1888 650 1920 illae
671 1891 743 1931 ignis
763 1887 858 1919 calore
872 1888 907 1919 ab
926 1887 983 1919 osse
1000 1887 1100 1918 divelli
1125 1897 1273 1929 poterant,
1296 1889 1325 1917 δε
1349 1884 1491 1929 pleraeque
1503 1896 1537 1917 ex

316 1938 349 1966 iis
370 1934 492 1978 figuram
518 1944 707 1977 pentagonarn
723 1930 890 1963 referebant.
915 1933 1009 1974 Caput
1024 1954 1033 1967 ,
1049 1931 1178 1966 humeri,
1201 1929 1333 1964 brachia,
1358 1939 1437 1960 crura
1460 1939 1538 1960 extra

316 1980 412 2011 testam
430 1977 583 2022 prodibant
607 1975 682 2019 pelle
694 1974 793 2018 rugosa
807 1978 836 2006 ὃ(
857 1974 980 2017 granulis
1001 1974 1104 2018 aspera.
1123 1973 1278 2004 Labiorum
1289 1971 1373 2015 pellis
1385 1983 1456 2015 pene
1471 1982 1536 2002 cor-

315 2034 366 2054 nea
385 2026 415 2054 &
438 2023 522 2054 instar
543 2020 622 2051 serr-”c
644 2018 749 2054 incisa3
778 2018 883 2061 pedum
907 2019 988 2061 digiti
1020 2018 1112 2060 longis
1128 2016 1268 2060 unguibus
1290 2014 1536 2046 tantumdistine‘ti

315 2066 486 2108 apparebant
502 2076 536 2095 ex
551 2074 667 2106 utraque
707 2073 763 2094 arte
777 2061 928 2098 distinctis,
944 2063 1096 2105 posteriore
1119 2060 1231 2091 tantum
1243 2070 1337 2101 ungue
1357 2061 1459 2090 innixa·
1474 2060 1535 2101 pri-

352 2109 360 2118 x

314 2121 398 2142 mum
415 2110 492 2140 lento
506 2106 596 2151 gradu
608 2108 671 2139 ince
695 2117 764 2142 unt,
779 2117 840 2138 tum
853 2108 986 2150 proximo
1005 2108 1034 2137 ὅ(
1051 2108 1091 2136 iza
1112 2103 1245 2149 deinceps
1259 2103 1405 2147 separatim
1420 2104 1533 2134 incum-
