1638 2345
239 173 330 202 Arm.

242 220 333 250 1694.

346 134 402 167 316
643 124 826 156 REGIAE
870 123 1262 156 SCIENTlARUM

347 182 388 202 ter
405 168 535 201 adhiberi
557 166 706 198 admonuit
729 170 770 199 D.
792 167 844 196 Du
870 168 996 207 Vetney.
1021 168 1055 197 Et
1076 166 1192 208 quidem
1207 179 1239 198 ea
1260 167 1384 200 vidimus
1406 171 1434 200 in
1458 169 1567 201 famulo

346 213 472 257 quodam
488 212 584 242 nostro
604 209 725 240 feliciter
739 210 877 253 usurpata.
897 209 1040 240 Adversus
1051 209 1258 253 cephalalgiam
1267 212 1451 254 camphotam
1466 215 1496 244 in
1515 224 1569 256 po-

347 256 473 289 tionibus
494 254 628 286 cardiacis
656 251 725 282 utile
743 251 798 282 esse
812 251 971 295 praefidium
983 275 993 287 ,
1015 255 1046 282 δε
1063 252 1079 282 i
1100 252 1126 283 se
1146 254 1289 285 interdum
1303 253 1444 298 praescribi
1461 259 1506 286 vir
1520 268 1570 286 ex-

348 298 517 344 pertissimus
539 296 700 326 admonuit.
723 298 802 326 Vino
821 295 1007 339 camphoraro
1023 295 1238 327 rheumatismos
1253 296 1322 339 saepe
1341 301 1455 334 curari,
1475 302 1515 329 uti
1536 302 1568 329 δε

348 343 454 387 pedum
479 352 525 371 aut
546 350 682 369 manuum
703 339 842 369 ustionem
858 350 913 383 prae
938 338 1064 381 frigore,
1093 339 1182 381 vulgo
1202 341 1337 382 Engelure
1350 362 1360 375 ‚
1384 350 1441 382 quo
1454 341 1570 382 quidem

349 387 476 418 remedio
502 381 694 413 haemoroi'des
712 381 856 413 leniuntur
868 408 877 419 ,
903 385 943 412 uti
966 386 995 413 &
1014 392 1160 424 unguento
1173 384 1251 424 quod
1267 383 1281 412 ὲ
1301 381 1371 412 fimo
1387 387 1492 425 equino
1505 395 1571 415 cum

349 432 467 470 axungia
485 428 560 456 frixo
579 429 609 456 in
624 426 760 467 sartagine
783 437 913 468 paratur,
935 428 1016 465 cujus
1035 424 1130 455 succus
1147 426 1240 468 postea
1257 428 1434 470 exprimitur.

394 474 442 503 v,1
455 474 478 500 1.
499 471 576 500 Cum
593 470 629 499 de
651 470 712 510 opii
732 467 782 498 usu
806 467 897 500 sermo
913 467 1062 499 haberetur
1080 490 1090 502 ‚
1119 469 1160 498 D.
1185 469 1293 499 Cliatas
1315 473 1345 499 in
1366 469 1492 500 tenesmo
1513 481 1572 513 quo

351 513 520 547 laborabat,
544 523 602 542 non
627 514 665 542 ita
685 510 795 553 pridem
820 510 892 541 illud
917 510 1038 541 feliciter
1050 509 1192 553 usurpasse
1214 513 1324 543 testatus
1345 512 1391 544 est.
1416 515 1446 544 O
1471 517 1573 544 timum

350 568 465 599 quoque
493 554 565 586 illud
588 554 642 584 effe
661 552 833 595 odontalgiae
854 553 1012 584 remedium
1027 577 1037 589 ‚
1063 553 1081 583 si
1101 557 1181 595 grani
1206 555 1357 586 dimidium
1383 568 1431 598 ptr
1451 526 1574 588 biduum

349 611 397 630 aut
419 598 544 630 triduum
563 597 686 627 sumatur
701 619 710 632 ‚
733 598 774 630 D.
789 597 903 628 Dod.irt
916 596 1074 628 admonuit·
1089 596 1130 627 D.
1153 597 1260 629 Charas
1271 597 1367 640 spiriru
1381 599 1443 630 salis
1461 611 1575 631 ammo-

352 645 425 673 niaci
441 642 554 685 perfuso
575 639 697 683 goffipio
717 644 747 671 δε
768 640 861 671 dentis
880 641 1014 671 foramini
1039 639 1146 671 inserto
1172 640 1224 671 hos
1249 641 1363 672 dolores
1387 641 1510 685 persaepe
1531 644 1575 673 le-

353 688 409 716 niri
426 694 573 728 expertum
601 684 627 713 se
641 685 689 714 ait.
712 682 764 713 Ista
786 682 901 726 quidem
926 686 956 714 δι
972 683 1025 714 alia
1048 683 1132 725 hujus
1150 686 1262 725 generis
1278 683 1369 715 obiter
1388 686 1464 715 ‹iiCta
1479 685 1576 716 multis

358 727 434 759 forie
449 739 507 801 nog
523 725 634 757 inutilia
648 724 831 759 videbuntur.
843 725 954 759 verum
972 727 1008 758 ad
1027 737 1058 757 ea
1068 737 1129 769 quae
1151 728 1213 758 sunt
1235 730 1324 771 inagis
1345 728 1465 760 instituti
1487 729 1575 760 nostri

354 771 484 802 transeun
507 780 566 802 um.

746 903 777 938 C
803 904 838 940 A
863 905 888 940 P
909 906 948 943 U
972 904 1007 939 T
1062 903 1079 937 Ι
1094 902 1109 937 Ι
1124 903 1153 940 I.

688 996 736 1026 Dc
760 990 863 1025 variis
883 988 974 1024 vistis
992 987 1220 1036 ffffionibusa

357 1078 380 1108 1.
490 1078 539 1108 Oc
558 1087 685 1108 vertente
706 1087 782 1107 anno
807 1078 846 1107 1).
866 1077 912 1106 De
936 1074 961 1105 la
988 1076 1062 1105 Hire
1085 1073 1460 1116 Physico-Matliematicam
1476 1073 1578 1106 differs

489 1122 629 1151 tationem
646 1119 681 1150 de
702 1122 780 1150 varia
793 1118 943 1149 oculorum
963 1118 1098 1148 strutstura
1116 1130 1169 1153 ,ac
1183 1117 1217 1149 de
1239 1120 1272 1147 iis
1287 1128 1348 1159 quae
1364 1116 1464 1148 vifioni
1486 1116 1576 1149 solent

356 1164 503 1198 accidere,
522 1163 620 1194 multis
644 1164 675 1192 in
695 1160 889 1204 congressibus
911 1160 979 1204 legit
995 1183 1003 1195 ,
1022 1172 1104 1204 atque
1125 1160 1182 1191 una
1198 1172 1262 1191 cum
1276 1162 1338 1190 anis
1350 1159 1492 1203 opusculis
1507 1163 1577 1191 Ma.

356 1207 517 1237 themaricis
533 1210 563 1237 &
587 1204 712 1246 Physicis
727 1206 828 1236 eodem
854 1215 929 1234 anno
951 1203 1057 1247 publici
1081 1206 1148 1246 juris
1168 1203 1242 1235 fecit.

397 1252 481 1279 Hanc
505 1248 727 1279 differtationern
747 1251 776 1278 in
795 1247 864 1278 duas
885 1246 955 1276 secat
978 1258 1068 1291 partes
1084 1269 1093 1282 ,
1116 1250 1144 1277 in
1164 1249 1252 1289 priori
1267 1257 1296 1277 ea
1313 1255 1385 1288 pene
1399 1247 1497 1276 omnia
1515 1257 1577 1287 qua:

357 1292 392 1322 ad
405 1292 542 1322 visionem
562 1293 720 1333 pertinent,
741 1294 820 1331 juxta
838 1292 944 1318 variam
967 1289 1117 1320 oculorum
1140 1290 1400 1320 conformationem
1423 1289 1576 1330 expendit3

355 1336 385 1364 in
414 1335 562 1377 posteriori
582 1333 751 1374 quibusdam
767 1331 853 1373 vulgo
872 1334 988 1373 receptis
1007 1332 1191 1374 opinionibus
1214 1335 1288 1361 circa
1309 1330 1428 1360 modum
1441 1353 1451 1365 ,
1468 1343 1525 1374 quo
1539 1334 1578 1361 vi-

356 1376 396 1406 fio
421 1375 565 1419 perficitur
586 1377 718 1417 rejectis,
740 1385 830 1405 certas
849 1373 1002 1417 ptaesciibit
1024 1374 1155 1416 regulas,
1179 1373 1282 1416 quibus
1305 1371 1456 1404 oculorum
1481 1374 1579 1416 dispo.

357 1419 442 1455 sitio,
462 1423 493 1450 δε
516 1422 588 1449 vires
612 1422 642 1449 in
667 1421 749 1449 variis
772 1428 872 1447 eorum
890 1416 1094 1447 mutationibus
1119 1416 1252 1459 cognosci
1281 1414 1365 1445 facile
1385 1414 1511 1459 possint,
1533 1416 1578 1448 seu

356 1462 406 1505 ipii
428 1461 521 1492 secum
545 1464 573 1492 in
589 1461 707 1492 diversis
727 1457 902 1504 temporibus
916 1482 925 1494 ,
941 1459 985 1490 scu
1009 1471 1074 1490 cuin
1097 1458 1159 1490 aliis
1182 1458 1376 1489 conferantur.

403 1508 469 1537 Pars
489 1507 610 1549 Optices
625 1505 729 1535 melior
742 1514 816 1533 nova
831 1505 940 1533 ratione
951 1501 1089 1545 explicata
1103 1503 1156 1532 hoc
1169 1502 1307 1532 Trac‘katu
1332 1502 1512 1532 continetur:
1535 1512 1580 1533 at-

355 1559 411 1589 que
434 1560 528 1590 operae
561 1550 684 1591 pretium
705 1559 756 1578 nos
775 1545 899 1576 facturos
921 1544 1110 1585 arbitramur,
1131 1545 1149 1576 si
1170 1547 1311 1589 praecipua
1335 1543 1412 1575 illius
1430 1548 1518 1586 capita
1541 1543 1580 1575 la-

357 1592 416 1622 tine
436 1591 544 1621 reddita
569 1594 749 1632 attingamus.
1446 1590 1452 1597 ‘

398 1647 421 1665 i.
451 1635 579 1664 Primum
604 1634 718 1676 quis-lem
740 1631 845 1676 triplici
869 1631 984 1663 visionis
1004 1643 1106 1674 genere
1126 1631 1211 1662 allato
1232 1631 1328 1664 brevis
1353 1634 1383 1663 &
1415 1628 1495 1661 fortis
1516 1642 1578 1673 quae

357 1676 519 1719 Myopibus
535 1699 543 1712 ,
571 1677 664 1719 longae
683 1681 713 1707 &
732 1675 836 1706 debilis
849 1697 858 1710 ‚
888 1686 949 1717 qnae
975 1675 1118 1717 Pitsbytis
1141 1678 1276 1707 convinit
1289 1697 1298 1711 ,
1326 1678 1356 1706 δέ
1379 1677 1450 1704 inter
1469 1683 1579 1704 utram-

356 1731 411 1761 que
429 1721 597 1760 interjeclae,
628 1731 689 1760 quar
712 1719 834 1761 perfecta
856 1718 912 1749 dici
938 1719 1028 1760 potest
1043 1741 1053 1754 ‚
1075 1718 1155 1760 quod
1174 1720 1203 1748 in
1225 1718 1365 1748 mediocri
1382 1716 1509 1746 distantia
1536 1727 1579 1748 res

357 1763 476 1801 cbjcftae
500 1763 560 1793 sitis
581 1763 712 1793 distincte
729 1772 898 1805 appareant,
922 1772 982 1794 ruse
1003 1760 1117 1804 singulis
1130 1764 1306 1792 conveniunt
1326 1760 1554 1791 autmurationes
1567 1782 1578 1796 ‚

358 1816 402 1835 aut
419 1805 544 1836 desc-stus
563 1808 672 1836 Auctor
688 1805 840 1847 diligenter
866 1773 1054 1847 proAquitur,
1083 1807 1154 1836 Haec
1175 1803 1210 1833 ad
1232 1807 1283 1834 tria
1299 1801 1474 1846 potissimum
1494 1797 1579 1835 refert

358 1850 470 1890 capita,
494 1859 596 1890 nempe
624 1849 658 1879 ad
676 1851 777 1891 organi
798 1851 898 1879 virium
916 1869 926 1883 ‚
951 1849 995 1877 seu
1016 1858 1125 1890 organo
1146 1844 1197 1889 ipsi
1211 1869 1220 1882 ,
1245 1845 1291 1877 scu
1316 1845 1484 1877 humoribus
1502 1845 1578 1878 oculi

358 1889 430 1921 illud
444 1891 561 1922 infidcat
577 1913 586 1926 ,
613 1903 627 1922 2
644 1892 679 1921 ad
700 1894 818 1922 nimiam
838 1889 951 1934 pupillae
974 1889 1172 1920 dilatationem
1186 1912 1192 1923 ,
1212 1901 1223 1928 3
1245 1890 1280 1920 ad
1300 1892 1418 1920 nim'iam
1438 1892 1499 1929 ejus
1508 1900 1580 1925 con-‚

358 1935 537 1965 traCtionem.
559 1936 700 1974 Qamvis
720 1937 748 1964 in
769 1937 856 1975 priori
877 1934 938 1963 calu
960 1932 1093 1963 nonnihil
1110 1930 1215 1964 acceffii
1238 1932 1355 1963 luminis
1381 1933 1576 1968 contrahatur,

357 1979 385 2006 in
404 1977 549 2018 posteriori
565 1975 770 2017 aliquantulum
795 1975 945 2018 amplietur
965 1979 994 2006 in
1020 1975 1090 2006 locis
1111 1974 1321 2007 obscurioribus
1338 1990 1344 2007 :
1373 1987 1439 2006 ram
1454 1975 1517 2006 licet
1527 1985 1576 2016 pu-

356 2018 425 2062 pilli
451 2020 592 2063 angustior
610 2019 658 2050 fiat
671 2022 699 2050 in
715 2021 822 2050 lumine
839 2041 846 2053 ‚
868 2022 898 2049 δέ
915 2019 1037 2062 amplior
1050 2022 1079 2049 in
1089 2018 1245 2049 obscuriori
1261 2018 1343 2054 loco,
1363 2030 1421 2049 non
1438 2017 1467 2048 id
1480 2028 1575 2047 tamen

357 2062 455 2094 cadem
476 2062 613 2094 facilitate
634 2061 666 2093 fit
695 2064 724 2092 in
749 2065 865 2105 pueris,
894 2066 923 2092 &
949 2065 977 2091 iii
1003 2065 1035 2092 iis
1062 2065 1110 2105 qui
1138 2063 1311 2105 proveclioii
1338 2061 1400 2092 sunt
1425 2071 1509 2091 aetate.
1540 2062 1573 2090 ln

354 2106 409 2136 illis
434 2105 551 2138 musculi
575 2110 605 2137 δε
633 2105 760 2137 teudiiies
783 2104 848 2136 curn
874 2104 977 2135 malles
999 2103 1050 2136 sint
1066 2127 1074 2140 ,
1096 2116 1179 2148 atque
1204 2116 1343 2148 organum
1363 2103 1454 2147 ipsum
1472 2114 1574 2146 nempe
