1638 2345
201 161 292 190 Am«.

200 209 285 236 1665.

307 128 339 148 ro
579 117 748 150 REGIAE
791 115 1186 150 SCIENTIARUM

307 163 365 191 rint
385 159 547 203 designata,
568 172 631 203 quae
649 161 775 204 perfecta
795 170 982 203 exponamus.
1004 160 1109 202 Neque
1132 163 1161 190 in
1183 171 1218 190 eo
1238 158 1427 191 laborandum
1448 159 1532 192 nobis

307 204 344 234 est
366 215 396 234 ut
410 215 511 235 omnes
525 205 762 236 Commentarios
782 215 829 235 aut
848 203 1004 234 Tabularia
1019 204 1236 239 exhauriamus,
1254 202 1334 245 quod
1350 202 1470 246 longum
1485 204 1532 234 es-

307 246 367 283 set,
390 258 442 277 nec
461 246 570 291 publici
591 246 718 291 saporis:
747 259 808 278 non
828 249 907 278 enim
931 247 976 278 his
995 246 1031 278 de
1051 246 1135 277 rebus
1157 257 1261 289 magna
1287 245 1436 277 volumina
1460 247 1533 278 ferte

305 301 372 321 aetas
387 291 479 322 nostra
501 291 600 334 potest.
617 291 675 322 Sed
700 290 864 334 priusquam
885 302 988 322 omnes
1014 289 1176 321 Academiae
1204 289 1315 321 labores
1336 287 1481 332 sigillatim
1499 293 1532 322 δε

304 336 524 365 exercitationes
543 332 722 378 explicentur
736 360 745 374 ‚
760 333 830 377 quid
845 333 889 365 illi
912 332 1088 378 propositum
1110 334 1236 365 maxime:
1259 332 1344 365 fuerit
1357 355 1366 369 ,
1410 343 1533 376 uamque

306 380 430 408 renuerit
445 379 523 408 viam
548 380 578 408 in
606 388 773 421 unaquaque
794 375 945 421 disciplina
964 377 1161 421 pertra&anda
1177 399 1188 413 ‚
1204 387 1268 408 ante
1291 380 1390 409 intuen
1413 387 1461 406 um
1478 387 1534 407 no-

305 418 349 450 bis
364 420 411 452 cst.

350 464 447 507 Atque
460 474 490 495 ut
509 463 524 493 a
541 463 666 506 Physicis
689 463 773 495 rebus
792 463 941 495 ordiamur
953 486 962 500 ‚
985 465 1030 495 vir
1046 474 1111 494 cum
1135 466 1244 496 viveret
1264 465 1381 505 ingenio
1400 465 1432 494 &
1449 465 1532 493 omni

304 516 408 548 genere
426 507 596 538 eruditionis
607 507 737 550 praestans
754 508 795 539 D.
818 507 946 538 Perrault
959 529 968 542 ,
990 517 1046 548 qua
1062 509 1171 538 ratione
1189 507 1251 538 dua:
1265 506 1321 537 illae
1337 505 1531 550 Philosophiae

304 549 442 580 naturalis
460 561 551 592 partes
563 573 573 585 ‚
594 561 658 592 quae
677 550 856 581 crudi:orum
877 549 967 580 studia
985 551 1129 592 imprimis
1149 549 1185 580 ad
1207 549 1233 581 se
1247 560 1441 585 convertunt,
1458 551 1534 580 Ana-

306 595 396 623 tomia
422 596 452 623 &
472 595 606 624 Botanica
628 592 781 624 rrastanda·
799 592 852 624 fint
864 616 872 628 ,
888 592 1013 623 breviter
1027 592 1174 636 exposuit,
1194 604 1276 635 atque
1294 593 1451 623 Anatomes
1466 604 1534 636 pro-

304 635 456 665 movendae
478 647 540 667 eam
562 635 640 667 velut
662 634 787 667 formam
805 635 971 667 delineavit.
992 636 1178 666 Anaromicas
1197 634 1416 667 observationes
1434 635 1533 677 dupli-

301 680 342 708 cis
366 676 420 708 effe
435 681 546 721 generis
561 679 691 723 primum
712 679 862 710 admonuit
878 691 885 710 τ
906 677 968 709 aliae
986 681 1064 709 enim
1079 678 1114 709 ad
1127 690 1302 722 organorum
1318 679 1483 710 structuram
1501 681 1532 710 δέ

303 720 568 753 conformationem
592 722 769 757 referuntur,
793 721 855 753 alia:
875 724 906 752 in
925 723 976 752 usu
995 733 1169 764 organorum
1194 726 1223 754 &
1247 734 1347 753 eorum
1372 722 1535 753 functioni-

303 762 355 794 bus
372 766 555 806 exquirendis
570 765 716 797 versantur
732 778 739 797 ε
760 777 793 796 ex
806 777 980 809 organorum
995 761 1102 797 fabrica
1121 766 1183 795 usus
1198 765 1319 809 persa-'pe
1335 769 1365 797 ὅ(
1385 766 1532 802 actiones,

303 818 334 837 ac
357 808 480 838 viciffim
495 821 529 840 ex
549 807 599 839 usu
620 812 651 840 δι
668 808 869 841 ῑυηέὶίοηὼυς
884 820 991 851 organa
1007 808 1066 850 ipsa
1087 808 1270 851 deteguntur.

345 852 392 881 11.
418 855 562 896 roirca
583 863 617 883 eo
641 855 737 883 omnis
755 853 927 883 Anatomica
943 851 1091 893 indagatio
1107 852 1211 894 specht
1225 874 1234 887 ,
1251 862 1282 882 ut
1296 863 1330 882 ex
1348 855 1463 894 organis
1474 855 1533 894 jam

303 897 380 924 noris
398 895 461 926 usus
485 898 646 937 incogniti,
671 899 701 926 ὃ(
722 907 755 925 ex
777 896 929 939 perspeetis
955 894 1155 926 funffionibus
1175 895 1360 926 instrumenta
1379 896 1422 925 his
1440 907 1534 939 aptata.

303 938 493 970 innotescant.
513 938 616 970 Multis
630 941 661 970 in
686 939 758 970 hanc
778 950 838 971 rem
859 937 977 982 prolatis
999 937 1138 981 exemplis
1156 949 1216 969 tum
1234 949 1429 980 organorum,
1454 950 1533 981 quo-

303 990 367 1010 rum
380 979 444 1012 usus
466 982 560 1013 adhuc
573 984 636 1012 sunt
657 985 686 1012 in
704 981 839 1017 occulto,
858 993 889 1013 ut
906 981 988 1012 lienis
1000 1004 1009 1017 ,
1025 984 1182 1024 pancreatis
1196 1004 1205 1017 ,
1220 981 1422 1023 glandularum
1437 1004 1446 1017 ,
1468 992 1532 1024 quae

303 1022 478 1055 atrabiliares
490 1047 498 1059 ,
513 1036 558 1055 aut
579 1035 660 1055 renes
678 1026 876 1056 succenturiati
901 1024 960 1055 dici
983 1023 1093 1060 solent,
1115 1035 1176 1055 tum
1197 1026 1346 1055 actionum
1361 1047 1370 1061 ,
1389 1035 1452 1067 qua:
1465 1035 1533 1056 curn

302 1064 356 1096 fint
370 1066 524 1098 manifestae
536 1091 544 1103 ,
561 1080 594 1098 ex
609 1071 724 1111 organis
745 1067 875 1099 nondum
890 1066 954 1099 satis
965 1066 1039 1098 bene
1056 1066 1209 1111 perspeffis
1224 1069 1375 1099 oriuntur:
1390 1071 1470 1110 cujus
1482 1079 1534 1110 ge-

303 1112 378 1139 neris
398 1109 474 1142 forte
497 1112 535 1141 est
553 1110 635 1142 lactis
655 1114 823 1154 generatio,
844 1114 875 1142 ἃ.
895 1111 1039 1153 sanguinis
1064 1110 1150 1153 ipsius
1167 1109 1336 1142 confestio:
1360 1111 1477 1142 tandem
1501 1111 1533 1143 id

302 1151 464 1189 concludit,
483 1155 550 1184 hinc
561 1153 687 1197 amplam
700 1153 952 1186 exercitationibus
966 1152 1148 1184 Academicis
1164 1157 1312 1185 materiem
1327 1153 1476 1190 substerni,
1489 1166 1534 1186 at-

302 1206 358 1237 que
377 1207 408 1226 ea
432 1196 616 1228 infistendum
635 1197 777 1229 methodo
795 1220 804 1234 ‚
826 1209 882 1240 qua
907 1200 937 1228 in
961 1208 1056 1228 retum
1072 1208 1142 1241 pene
1158 1200 1291 1228 omnium
1316 1198 1533 1240 investigatione

303 1241 411 1269 utimur
424 1262 433 1275 ,
449 1240 529 1270 sensu
544 1244 683 1272 nimirum
705 1241 750 1271 vel
765 1244 875 1272 ratione
886 1266 895 1280 ,
912 1251 944 1271 ac
962 1239 1062 1283 saepius
1078 1251 1229 1284 utrumque
1248 1239 1302 1270 ess'e
1323 1239 1532 1274 adhibendum.

302 1283 448 1323 Qamvis
468 1287 546 1314 enim
567 1287 696 1326 corporis
711 1285 830 1315 humani
854 1286 958 1315 notitia
979 1295 1013 1313 ex
1027 1293 1154 1314 accurata
1165 1286 1298 1314 omnium
1314 1286 1436 1326 partium
1453 1283 1532 1327 sepa-

301 1328 413 1356 ratione
425 1349 434 1361 ‚
458 1330 487 1357 &
503 1339 536 1357 ex
554 1326 667 1371 aspectu
685 1327 746 1371 ipso
763 1327 883 1371 pendeat
895 1350 905 1363 ,
926 1337 985 1357 non
1005 1325 1058 1357 soli
1080 1338 1174 1358 tamen
1193 1325 1271 1358 oculi
1292 1326 1401 1368 judices
1415 1326 1478 1358 sunt
1500 1339 1532 1359 ea

300 1369 331 1397 in
347 1379 377 1399 re
395 1369 458 1400 satis
474 1369 572 1402 idonei
587 1393 597 1406 ,
613 1370 664 1402 nisi
687 1374 805 1402 rationis
820 1370 933 1401 accedat
955 1369 1095 1411 judicium
1110 1383 1117 1401 ε
1135 1370 1212 1401 secus
1235 1373 1283 1401 vix
1296 1369 1331 1400 de
1342 1370 1392 1401 usu
1406 1373 1531 1412 partium

300 1421 364 1452 quae
387 1411 504 1444 detecta:
526 1414 641 1445 suerunt
658 1418 813 1457 quicquam
833 1416 901 1445 certi
924 1413 1041 1444 decerni
1057 1413 1148 1456 potest
1167 1436 1178 1449 ,
1197 1424 1228 1444 ac
1247 1413 1347 1444 frustra
1368 1413 1438 1456 saepe
1456 1425 1531 1445 nova

300 1454 474 1497 indagantur
493 1468 599 1499 organa
612 1480 619 1491 ,
634 1469 697 1500 quae
714 1461 786 1489 ratio
803 1456 861 1500 ipsa
877 1456 999 1487 minime
1019 1455 1170 1487 necessaria
1187 1456 1306 1498 judicat.
1327 1458 1427 1499 Itaque
1441 1460 1531 1488 rario—

301 1508 368 1528 nem
388 1497 472 1529 simul
493 1503 525 1532 &
550 1499 660 1530 sensum
677 1512 732 1531 una
746 1505 921 1542 conjungere
938 1502 1085 1540 optimum
1100 1499 1195 1531 fuerit.
1215 1500 1365 1531 Interdum
1385 1502 1531 1542 conjecim-

302 1543 340 1570 ris
353 1541 490 1573 utendum
504 1565 513 1578 ,
534 1554 598 1573 cum
613 1543 869 1575 demonstrationes
891 1541 1032 1574 sensibiles
1051 1542 1151 1574 desunt
1167 1557 1174 1575 :
1199 1545 1376 1584 conjcdturas
1395 1542 1530 1585 probabi-

300 1583 341 1613 les
364 1584 540 1628 suppeditare
576 1586 666 1617 solent
701 1586 828 1629 ligatura·
846 1608 856 1622 ,
882 1585 1028 1628 liquorum
1049 1587 1220 1628 injefflones
1247 1586 1352 1628 quibus
1373 1585 1436 1616 vasa
1456 1585 1530 1618 fiunt

301 1630 464 1670 apertiora,
489 1640 536 1660 aut
556 1630 691 1660 humores
711 1629 918 1673 coagulantur,
941 1633 971 1661 &
996 1628 1050 1660 alia
1071 1629 1213 1672 ejusmodi
1237 1629 1271 1660 dc
1287 1628 1392 1672 quibus
1418 1629 1530 1661 idoneis

301 1669 375 1701 locis
400 1671 539 1703 dicemus.

339 1716 406 1743 ΙΙΙ.
440 1717 514 1756 Qae
532 1715 566 1746 de
583 1727 611 1746 re
631 1717 767 1746 Betanica
786 1715 932 1751 disseruit,
951 1715 985 1746 :id
1006 1716 1065 1746 haec
1090 1716 1149 1747 duo
1165 1718 1257 1759 capita
1273 1726 1461 1751 revocantur,
1482 1728 1529 1748 eas

301 1761 521 1788 exercitationes
539 1758 662 1802 duplicis
678 1758 732 1788 esse
745 1762 857 1801 generis
875 1773 880 1791 :
900 1771 964 1790 nain
982 1759 1026 1789 vel
1049 1759 1109 1790 sunt
1123 1771 1199 1789 merc
1218 1761 1361 1789 Botanicae
1374 1781 1382 1793 ‚
1401 1758 1446 1789 vel
1461 1761 1530 1790 Phi-

301 1798 476 1842 losophicae:
500 1804 610 1844 priores
636 1801 754 1844 quidem
776 1802 811 1833 ad
830 1801 989 1845 plantarum
1007 1803 1153 1834 historiam
1174 1805 1334 1845 pertinent,
1349 1813 1412 1844 quae
1428 1802 1530 1835 multi-

302 1842 369 1884 plici
399 1846 508 1875 ratione
527 1844 658 1876 illustrari
691 1848 721 1875 &
745 1844 912 1890 locupletari
934 1846 1043 1889 potest,
1070 1857 1100 1877 ut
1119 1845 1167 1876 suo
1187 1845 1252 1876 loco
1270 1844 1426 1876 dicendum
1451 1849 1527 1882 crit3

303 1885 350 1917 sed
368 1888 497 1929 stirpium
522 1899 599 1918 ortus
619 1911 628 1924 ‚
651 1888 744 1918 causas
772 1894 801 1920 &
824 1902 934 1920 naturas
951 1892 1097 1930 exquirere
1114 1888 1280 1931 diligentius
1293 1911 1301 1924 ,
1320 1890 1374 1919 hoc
1393 1888 1527 1920 Philoso-

304 1930 354 1971 phi
373 1942 475 1960 munus
498 1931 628 1967 videtur,
650 1934 698 1973 qui
712 1932 872 1974 plantarum
891 1943 970 1963 ortus
986 1937 1016 1963 ὃ(
1035 1935 1227 1974 vegetationes
1245 1933 1334 1975 potest
1348 1932 1525 1975 expendere-3

304 1972 344 2008 si,
372 1973 496 2016 exempli
521 1977 611 2015 gratia
634 1986 731 2005 earum
760 1975 886 2011 semina,
908 1986 1060 2018 antequam
1085 1987 1163 2006 terra·
1187 1975 1357 2006 iii-indentur
1376 1978 1526 2008 intentiori

304 2020 400 2047 animo
421 2017 607 2060 Microscopii
624 2029 678 2060 ope
691 2021 835 2050 intueatur
847 2043 855 2055 ‚
874 2031 932 2050 tuin
951 2021 983 2049 iis
1006 2017 1105 2062 {Irpinis
1121 2018 1135 2048 ό
1151 2031 1221 2049 terra
1242 2023 1329 2049 erutis
1342 2046 1350 2055 ,
1363 2029 1426 2061 quae
1439 2021 1473 2049 iis
1483 2030 1525 2050 ac·

303 2059 400 2090 cidnnt
419 2064 651 2097 iiiinationes,iu
665 2063 862 2104 magnitudine
878 2086 886 2097 ,
908 2066 937 2092 in
961 2061 1049 2105 figura
1071 2065 1192 2104 partium
1206 2085 1214 2098 ‚
1234 2066 1262 2092 in
1292 2062 1378 2092 fucris
1394 2085 1403 2097 ,
1425 2065 1454 2092 in
1474 2073 1525 2092 co-

305 2101 414 2134 loribus
436 2104 660 2141 animadvcrtat,
679 2116 740 2148 qua·
758 2108 786 2136 in
806 2110 932 2150 germine
953 2117 1124 2148 magnorum
1139 2108 1280 2149 praecipue
1302 2105 1441 2137 seminum
1457 2117 1524 2150 pau-
