1638 2345
339 129 631 162 ACADEMIAE
673 127 946 161 HISTORIA.
979 129 1119 160 L13.1.
1253 130 1306 170 1⁷3

94 172 246 204 incumbit.
262 172 356 204 Crura
375 175 450 205 reeta
462 177 492 204 δε
507 173 664 205 admodum
678 171 763 204 crass'a
777 175 948 217 uropygium
960 171 1061 203 itidem
1074 170 1200 216 amplum
1215 175 1245 205 &
1255 141 1309 204 ol:-
1326 173 1403 214 Hist.

95 215 180 248 tufius
200 216 287 260 quaim
310 219 339 246 in
359 216 418 248 ulla
437 220 483 248 avi
504 216 588 247 nobis
603 219 726 258 cognita.
1150 255 1154 261 Ι
1329 217 1428 255 Αηίηιξ

140 259 323 291 Ventriculus
348 259 520 291 musculosus
540 261 606 290 huic
623 260 740 291 deerat:
765 271 832 292 cum
857 270 951 291 tamen
974 271 1046 304 pane
1067 263 1099 291 δε
1121 258 1313 302 leguminibus

93 303 221 334 vescatur
234 314 243 338 ·,
267 302 313 335 sed
328 302 481 347 multiplici
496 302 658 334 ventriculo
679 303 800 335 donatur
813 326 823 340 ,
843 303 918 334 unde
934 307 964 334 δε
980 303 1114 334 solidiora
1129 314 1246 346 qumque
1262 301 1316 333 ali-

94 356 191 376 menta
209 345 321 388 digerit.

127 392 151 419 V
159 391 214 420 111.
226 389 433 433 Respirationis
443 400 547 432 organa
557 401 587 421 ut
600 394 629 421 in
639 392 796 423 struthione
804 392 908 421 acriori
919 390 1011 421 studio
1023 388 1085 421 sunt
1095 389 1317 425 observata‚duo

93 434 235 475 imprimis
255 433 426 475 pulmonum
442 433 580 469 musculi,
602 445 726 477 quorum
741 436 824 475 origo
839 434 955 464 carnosa
975 433 1131 464 admodum
1151 436 1180 463 in
1210 433 1254 463 sex
1269 445 1318 463 ve-

93 473 135 505 lut
148 478 238 518 capita
254 476 343 507 divisa
358 499 367 512 ,
381 487 443 520 quae
455 479 551 517 junfflt
564 480 593 507 in
611 489 625 507 a
648 477 819 511 oncutosim‚
830 487 876 507 aut
886 477 1034 508 tendinem
1048 476 1178 520 amplum
1196 475 1319 512 abeunt.

93 529 150 560 quo
173 517 272 561 pulmo
293 519 470 554 involvitur,
494 523 524 550 &
543 519 559 550 ὲ
583 489 679 551 vesicis
703 521 864 551 secernitur.
884 521 1036 564 Postquam
1051 523 1128 551 enirn
1141 524 1189 550 a'e'r
1204 519 1319 563 pulmo-

93 571 143 591 nes
159 561 298 604 pervasit,
319 574 369 606 per
393 563 534 593 foramina
558 567 586 594 in
609 565 664 594 hoc
687 564 802 595 tendine
823 574 916 605 aperta
934 562 1035 594 vesicas
1055 563 1150 602 subit·,
1172 574 1240 605 quas
1257 563 1320 594 dia-

94 604 252 646 phragma,
270 617 300 637 ut
321 605 502 648 aponeurosis
522 605 567 636 seu
581 607 669 638 tendo
690 606 882 650 pulmones&
898 606 984 636 costas
1004 609 1093 648 regit:
1117 606 1188 637 adeo
1206 617 1236 637 ut
1253 606 1320 637 vest-

94 658 133 676 (ἐκ
154 650 226 678 inter
250 647 446 691 aponeurofim
468 653 497 680 ὃ(
524 649 710 693 diaphragma
737 648 944 680 concludantur
967 672 976 684 ,
1003 653 1046 680 uti
1073 649 1224 692 pulmones
1245 652 1320 681 inter

94 690 182 720 costas
205 695 234 722 ἃ
253 692 451 734 aponeurofim
477 693 523 722 seu
542 692 670 735 amplum
692 693 851 724 tendincm.

140 734 245 776 Neque
262 734 334 765 illud
353 734 487 766 abhorret
501 735 516 764 ὲ
531 734 676 766 verisimili
700 736 753 766 hos
770 734 913 766 musculos
929 738 1020 766 motui
1033 736 1156 766 thoracis
1173 736 1322 767 inservire.

94 777 176 808 Nam
191 778 278 808 costas
299 788 361 820 quae
380 781 409 808 in
425 778 525 810 avibus
541 778 668 823 duplices
687 779 749 810 sunt
769 783 798 810 ὅ(
815 781 888 809 inter
899 779 924 808 se
939 779 1102 818 aniculam,
1117 779 1248 810 deorsum
1263 791 1321 810 tra-

95 819 166 850 hunt
180 833 186 851 z
202 819 340 864 siquidem
355 821 390 852 ab
408 821 518 864 angulis
532 834 603 865 quos
621 823 702 853 costae
724 822 780 854 una
794 823 954 862 comunem
969 821 1096 853 efficiunt
1111 845 1120 858 ,
1130 822 1249 867 oblique
1261 822 1322 853 des-

94 862 219 894 cendunt
237 864 330 895 versus
351 863 425 895 dorfi
445 865 605 905 vertebras,
632 865 734 909 quibus
754 866 834 897 coflae
854 868 996 908 utrimque
1017 865 1171 908 illigantur.

141 906 260 937 Deinde
280 907 410 950 suspicari
433 907 498 939 licet
520 909 634 940 eosdem
657 908 799 940 musculos
817 911 875 939 a‘e’ri
889 909 1036 939 retinendo
1055 909 1187 939 conferre
1201 931 1210 944 ‚
1232 919 1267 938 ne
1279 919 1322 938 ea-

95 946 161 979 dem
172 949 388 982 facilitateexeat
403 954 483 993 ‚'qua
504 951 596 985 subiit.
621 955 700 985 Nam
713 964 808 996 aperta
827 952 968 982 foramina
980 952 1081 994 quibus
1101 952 1172 983 liber
1190 955 1248 982 aeri
1262 951 1324 981 adi-

96 1002 140 1022 tus
155 1003 230 1035 patet
247 996 276 1023 in
299 993 400 1024 vesicas
418 1006 464 1025 aut
489 995 600 1031 saccos,
620 1000 648 1027 in
670 1007 747 1038 parte
767 995 881 1026 carnosa
905 994 1099 1026 musculorum
1118 1006 1149 1026 ut
1166 993 1324 1038 plurimum

96 1034 191 1065 insunt
207 1048 214 1066 ι
232 1036 291 1066 haec
313 1040 516 1069 contracstionis
539 1042 567 1069 &
585 1039 758 1069 dilatationis
781 1038 940 1081 spontanea:
965 1050 1049 1081 capax
1066 1038 1113 1068 est.
1140 1040 1222 1079 Qin
1240 1040 1326 1068 etiam

96 1077 246 1109 chamelco
261 1082 338 1119 cujus
361 1080 512 1123 pulmones
531 1084 627 1112 avium
646 1081 831 1125 pulmonibus
851 1081 912 1112 sunt
927 1080 1088 1112 consimiles
1103 1103 1112 1117 ‚
1130 1080 1179 1111 diu
1199 1083 1326 1111 continet

96 1123 184 1156 aera3
210 1124 355 1154 interdum
374 1127 410 1154 ita
431 1126 616 1155 intumescere
642 1125 716 1156 visus
730 1148 739 1160 ,
761 1136 791 1155 ut
808 1124 1015 1167 disiupxioncm
1031 1126 1194 1154 minaretur.
1217 1123 1274 1155 Sed
1292 1126 1326 1154 ὅ(

95 1163 147 1193 diu
168 1168 197 1195 in
220 1176 254 1195 eo
277 1167 346 1196 statu
366 1178 461 1198 manet
475 1190 484 1202 ‚
509 1168 614 1198 tametsi
637 1167 764 1211 spiritum
777 1168 854 1198 ducit
873 1172 902 1199 &
918 1167 1030 1202 reddit,
1044 1166 1121 1209 quafi
1143 1169 1208 1196 a'e‘ra
1222 1169 1250 1198 in
1261 1168 1327 1209 qui-

98 1204 217 1238 busdam
240 1208 355 1247 vesicis,
379 1222 498 1253 quarum
524 1211 625 1241 ostiola
646 1215 673 1241 in
697 1222 774 1254 parre
802 1209 996 1241 musculorum
1025 1210 1141 1240 carnosa
1164 1208 1214 1240 fita
1236 1210 1299 1240 sunt
1314 1229 1326 1245 ‚

95 1253 258 1282 contineret
274 1274 283 1287 ‚
298 1272 301 1275 -
316 1256 346 1283 &
371 1255 400 1282 in
424 1253 486 1284 aliis
510 1252 632 1285 liberum
655 1257 714 1284 aeri
733 1253 841 1284 aditum
861 1257 890 1285 &
910 1256 1015 1284 exitum
1037 1256 1224 1296 permitteret.

140 1295 203 1325 IX.
221 1293 326 1325 Vesica:
340 1295 374 1326 ab
395 1307 514 1338 utroque
529 1297 743 1340 diaphragmate
757 1300 786 1327 &
809 1295 942 1328 musculis
958 1295 1077 1340 separari
1091 1306 1242 1339 poterant,
1262 1307 1327 1339 pro-

97 1339 158 1380 pria
178 1348 298 1381 quaeque
319 1342 414 1370 tunica
439 1343 565 1372 munitae.
591 1343 701 1380 Qarra
721 1339 809 1371 vesica
833 1351 891 1370 non
913 1340 1001 1382 usque
1024 1338 1096 1370 adeo
1114 1338 1326 1375 descendebat,

95 1382 179 1422 ‘atque
199 1382 228 1410 in
250 1380 313 1412 aliis
334 1382 434 1413 avibus
452 1383 540 1418 solet,
560 1385 638 1425 quod
652 1384 774 1414 sternum
794 1394 966 1427 perparvum
983 1381 1031 1418 fit,
1049 1386 1171 1422 majores
1185 1381 1257 1413 adeo
1270 1381 1327 1413 ab-

96 1421 224 1453 dominis
244 1424 383 1460 muscuh,
409 1428 447 1456 ita
467 1437 497 1457 ut
521 1437 619 1468 quarta
646 1426 695 1457 illa
718 1425 806 1457 vesica
825 1438 885 1458 non
905 1426 977 1457 adeo
997 1424 1030 1458 fit
1050 1424 1200 1457 necessaria
1213 1450 1223 1465 ,
1241 1436 1326 1470 atque

96 1466 126 1494 in
154 1465 254 1497 avibus
278 1479 339 1510 quae
361 1472 469 1509 majore
494 1471 587 1501 sterno
610 1469 766 1503 donantur.

129 1510 168 1538 X.
195 1510 332 1551 Palpebra
345 1513 463 1542 interior
475 1512 621 1555 oculiquae
641 1513 775 1544 omnibus
796 1511 895 1544 avibus
904 1514 992 1549 inest,
1006 1516 1122 1545 intentis
1135 1515 1237 1544 animis
1257 1523 1325 1543 con-

97 1549 215 1583 fiderata
238 1553 375 1596 singulare
391 1566 496 1585 naturae
517 1555 669 1588 artificium
685 1555 776 1586 oculis
797 1560 827 1588 «Sc
846 1560 942 1589 animo
971 1556 1099 1598 subjecit.
1136 1558 1205 1587 Hoc
1228 1558 1325 1598 urique

93 1593 221 1642 pofitum
242 1598 279 1627 est
298 1600 327 1627 in
346 1596 474 1628 funiculo
496 1602 543 1641 qui
562 1611 611 1643 per
633 1599 790 1630 trochleam
805 1599 906 1631 ducrus
926 1600 1122 1632 membranam
1142 1598 1222 1630 illam
1240 1600 1325 1629 instat

96 1637 295 1670 velifencstris
315 1640 427 1683 appensi
448 1653 495 1673 aut
517 1642 649 1673 distendit
662 1665 671 1678 ‚
688 1655 734 1674 aut
750 1642 874 1674 adducit.
898 1646 936 1675 Ea
954 1643 1071 1686 quidem
1094 1642 1260 1673 membrana
1276 1653 1326 1672 ex-

98 1680 175 1711 tensa
187 1682 224 1712 est
245 1682 340 1725 figutae
358 1684 534 1726 triangularis
549 1708 557 1721 ,
571 1696 601 1716 ut
617 1685 785 1728 complicata
807 1686 905 1717 circuli
926 1686 1101 1729 segmentum
1120 1685 1244 1716 exhibet.
1258 1686 1325 1724 Ejus

99 1722 171 1754 bafis
190 1724 237 1755 vel
256 1729 339 1769 origo
358 1730 489 1758 interiori
506 1729 612 1771 angulo
626 1730 703 1759 oculi
717 1729 755 1760 cst
769 1728 914 1765 finitima;
935 1733 964 1760 in
978 1742 1012 1759 co
1025 1732 1120 1772 magni
1135 1728 1235 1760 circuli
1249 1740 1325 1759 ηιατ-

98 1769 166 1808 gine
186 1778 272 1809 quem
293 1769 435 1800 sclerotica
452 1774 546 1802 tunica
566 1783 630 1802 cum
647 1783 749 1802 cornea
768 1770 856 1804 efficit
872 1793 882 1808 ,
908 1772 955 1803 fita
975 1773 1013 1803 est
1032 1794 1042 1807 ‚
1064 1782 1152 1814 eaque
1163 1775 1273 1802 tertiam
1291 1775 1324 1802 «Sc

101 1809 221 1852 amplius
241 1815 300 1852 ejus
325 1813 424 1844 circuli
447 1817 610 1856 portionem
629 1826 772 1858 occupat,
795 1818 826 1846 δε
850 1815 962 1858 prorsus
978 1818 1099 1847 immota
1115 1824 1220 1846 manet.
1240 1813 1324 1845 Reli-

100 1863 155 1894 qua
169 1852 227 1883 duo
242 1853 324 1886 latera
337 1855 514 1888 dextrorsum
531 1861 560 1888 &
590 1857 775 1889 sinistrorsum
822 1858 995 1890 roducuntur
1007 1882 1015 1894 ,
1036 1858 1119 1902 idque
1137 1857 1170 1889 fit
1181 1869 1235 1901 ope
1250 1857 1326 1888 mus-

99 1894 158 1926 culi
184 1900 263 1938 cujus
285 1903 366 1941 origo
386 1900 424 1929 est
447 1903 477 1930 in
501 1901 604 1932 codem
627 1906 753 1943 margine
779 1871 929 1933 sellemticae
957 1901 1045 1946 posita
1070 1902 1165 1933 versus
1187 1904 1326 1941 majorem

101 1937 178 1969 oculi
196 1939 340 1982 angulum.
358 1944 390 1971 In
403 1954 467 1973 ortu
489 1944 536 1975 suo
560 1944 668 1988 amplus
682 1945 719 1975 est
734 1966 740 1977 ‚
760 1956 820 1975 mm
838 1944 936 1976 sensim
952 1948 1109 1980 minuitur,
1134 1944 1203 1975 dum
1216 1946 1245 1974 in
1261 1955 1327 1973 ten-

102 1981 202 2012 dinem
222 1982 323 2014 exilem
341 1988 370 2015 &
391 1988 420 2015 &
442 1987 596 2018 rotundum
621 1987 701 2019 abeat
720 1987 767 2018 sub
789 2000 879 2019 nervo
901 1991 998 2032 optico
1016 1991 1065 2032 qui
1086 1986 1228 2031 pertusum
1253 1986 1328 2016 alte-

103 2027 160 2055 rius
181 2024 298 2056 musculi
319 2027 466 2060 tendinem
486 2030 579 2062 subit:
600 2031 669 2062 adeo
684 2042 713 2061 ut
726 2032 771 2061 liic
786 2031 873 2062 tendo
894 2032 1053 2076 perforatus
1073 2029 1206 2061 trochlea:
1225 2039 1328 2060 munus

102 2066 204 2108 obeat,
225 2073 254 2101 &
268 2070 358 2101 obstet
379 2082 413 2101 ne
426 2071 495 2103 alter
515 2078 605 2115 major
620 2074 737 2105 musculi
751 2074 837 2105 tendo
858 2087 978 2106 nervum
1000 2085 1127 2118 opticum
1143 2071 1225 2102 laedat
1236 2094 1245 2107 ,
1258 2071 1328 2102 dum

103 2110 184 2154 super
207 2124 272 2144 eum
298 2112 423 2152 incedit,
444 2119 473 2148 δε
495 2116 616 2149 inflexus
646 2118 830 2161 posteriorem
850 2118 925 2150 oculi
945 2129 1051 2162 purtem
1065 2116 1189 2146 decurrit
1204 2137 1213 2150 ‚
1229 2126 1260 2145 ac
1271 2114 1330 2159 pal-

1109 2160 1137 2189 R
1162 2162 1191 2199 iij
