1638 2345
295 112 344 141 ro'z
594 108 764 140 REGIAE
801 104 1186 140 SCIENTIARUM

180 153 268 182 Anu.
296 152 376 183 fuisse
401 152 490 195 Regis
511 151 743 183 Christianisiimi
769 162 894 182 mentem
917 162 947 182 ut
969 150 1076 181 nobilis
1095 151 1155 181 haec
1174 151 1289 183 scientia
1305 173 1315 187 ‚
1339 161 1402 193 quae
1418 150 1524 183 abditis

184 199 273 233 1671.
294 196 412 239 quidem
434 198 464 226 in
484 194 567 226 rebus
589 195 714 226 versatur
728 216 737 230 ‚
760 194 806 224 sed
825 192 947 237 publicis
965 194 1128 225 commodis
1145 217 1154 229 ‚
1175 195 1367 238 Navigationi
1382 198 1525 238 imprimis

181 240 211 267 ὃ(
225 247 262 275 72
296 244 326 271 δε
345 240 555 282 Geographiae,
583 242 642 268 imo
659 242 689 269 δε
709 236 873 280 Religionis
895 237 1064 268 Christiana:
1085 240 1285 281 propagationi
1308 249 1365 268 tarn
1386 239 1464 269 utilis
1484 242 1526 279 ju-

294 282 474 318 dicatur,·sc
496 285 654 324 imperante
667 302 676 316 ‚
703 286 804 323 magna
826 290 936 324 caperet
965 284 1140 312 incrementa
1155 307 1165 320 ,
1184 292 1215 311 ac
1237 280 1352 322 longius
1371 282 1457 324 quam
1477 293 1528 311 un-

295 337 382 369 quam
406 337 487 356 antea
503 324 719 369 proveheretur.
740 323 832 366 Qod
854 335 886 354 ut
901 322 1072 367 perficeret,
1099 328 1178 355 viros
1203 335 1262 354 non
1279 323 1374 354 solnm
1398 325 1413 354 ὲ
1435 323 1529 356 Gallia

295 372 325 400 in
344 372 378 400 iis
398 368 557 411 disciplinis
585 367 829 399 exercitatissimos
859 366 1017 409 selegerat,
1039 367 1085 398 sed
1107 370 1192 399 etiam
1208 379 1242 398 ex
1265 366 1430 399 nationibus
1452 379 1530 399 exte-

295 417 333 444 ris
350 416 470 455 ingenio
485 415 515 444 3<
534 410 695 442 eruditione
716 410 956 455 praestantiffimos
980 413 1130 442 acciverat.

327 457 374 487 11.
397 457 475 486 Cum
499 466 594 486 autem
612 455 796 485 Astronomia
811 454 846 485 ad
865 454 937 485 illud
957 454 1100 496 fastigium
1118 477 1128 490 ‚
1152 458 1182 486 in
1205 467 1263 498 quo
1284 465 1359 485 nunc
1382 458 1533 491 cernitur,

296 508 346 542 per
368 500 479 530 crebras
505 501 535 529 ὃς
556 508 699 529 accuratas
721 497 934 529 observationes
953 501 1135 540 pervenerit,
1155 510 1247 541 neque
1267 509 1326 533 eat,
1346 508 1377 528 ut
1399 509 1447 540 par
1470 499 1508 528 est
1522 520 1533 534 ‚

298 542 357 574 fieri
380 542 506 586 possint,
526 540 575 572 mii
596 544 625 571 in
649 540 714 571 loco
730 539 867 571 sideribus
886 540 1071 572 observandis
1092 541 1199 572 idoneo
1213 564 1222 577 ‚
1247 545 1275 572 in
1290 552 1348 583 quo
1369 540 1469 583 praesto
1482 541 1534 573 sint

298 586 482 617 instrumenta
504 583 642 628 exquisite
661 583 804 615 elaborata
822 598 828 615 ε
852 585 916 614 Rex
929 582 1134 615 Invietissimus
1153 587 1209 626 jam
1229 596 1294 615 ante
1311 583 1421 626 aliquot
1440 595 1534 615 annos

299 629 395 660 locum
414 630 480 659 huic
506 631 548 660 rei
569 626 746 672 aptissimum
763 630 791 658 in
807 628 848 659 D.
873 627 976 670 Jacobi
1011 626 1145 659 suburbio
1162 627 1374 670 defignaverat,
1397 629 1446 668 qui
1471 627 1535 658 edi-

301 676 355 703 tior
376 684 441 703 cum
455 671 487 703 fit
501 694 510 707 ‚
527 672 613 702 furnis
640 674 670 702 &
685 670 840 714 vaporibus
858 674 951 701 minus
964 670 1118 701 obducitur
1131 693 1139 706 ‚
1155 671 1311 714 praesertim
1337 670 1372 701 ad
1390 670 1536 701 Meridie-

301 716 395 746 nalem
423 715 535 760 plagam
564 715 613 746 ubi
635 713 840 758 frequentiores
867 714 928 744 sunt
949 713 1129 746 Planetarum
1147 714 1377 749 observationes,
1393 725 1476 756 atque
1503 724 1537 744 ex

301 771 335 789 eo
352 759 424 790 liber
437 762 466 790 3<
486 762 514 788 in
536 769 636 789 omnes
657 769 746 801 partes
763 758 929 801 prosperitus
947 768 1033 800 patet.

334 805 407 835 111.
436 800 603 833 AEdificium
628 804 685 842 jam
703 811 768 836 ante
790 800 900 842 aliquot
926 812 1016 830 annos
1038 812 1167 845 coeptum
1182 823 1191 837 ,
1217 803 1246 831 δι
1276 798 1433 842 magnifico
1452 811 1539 842 opere

300 846 437 877 structum
459 845 580 876 habitati
601 847 691 887 coepit
714 844 728 873 31
746 845 785 875 D.
803 842 921 874 Caslino
939 845 1041 875 Mense
1076 844 1237 888 Septembri
1258 847 1323 874 anni
1347 848 1436 883 1671.
1458 845 1539 874 Tum

302 890 374 920 vero
397 890 605 920 Astronomicis
631 887 882 919 observationibus
908 899 1026 929 operam
1051 888 1151 923 dedit,
1186 898 1269 929 atque
1293 885 1537 918 Observatorium

302 936 383 963 omni
400 944 502 975 genere
516 933 780 962 ‘instrumentorum
795 931 962 961 instructum
976 929 1039 963 fuit.
1063 931 1234 974 Telescopia
1251 933 1333 961 varia:
1350 929 1540 972 longitudinis

304 976 376 1007 foris
402 980 432 1006 ὃ(
455 980 532 1006 intus
556 974 710 1019 disposita,
733 985 767 1004 ex
789 974 891 1016 quibus
908 973 1047 1005 nonnulla
1068 975 1104 1006 ad
1134 981 1172 1008 60
1195 974 1283 1016 usque
1305 973 1389 1017 pedes
1421 976 1451 1004 ἕ(
1478 985 1541 1003 am-

304 1018 379 1062 plius
399 1018 607 1061 producuntur.

340 1063 406 1093 Nec
432 1060 539 1093 necesse
558 1062 596 1092 est
620 1059 794 1103 lingularum
810 1061 895 1102 hujus
910 1059 1058 1091 Vranosco
1081 1063 1099 1091 ii
1127 1062 1250 1104 partium
1274 1062 1348 1091 inter
1365 1059 1390 1090 se
1415 1063 1446 1092 δέ
1474 1071 1550 1091 cum.

307 1104 432 1136 aedificio
452 1104 647 1147 symmetriam
665 1116 712 1136 aut
727 1108 948 1148 proportionem
972 1073 1144 1137 describere.
1170 1106 1243 1135 Haec
1262 1106 1338 1134 enim
1362 1101 1460 1146 figuris
1480 1114 1542 1134 me-

306 1148 362 1180 lius
383 1153 413 1181 Sc
437 1148 540 1180 clarius
554 1148 641 1190 quim
663 1148 757 1178 verbis
774 1159 966 1191 exponuntur.
989 1155 992 1158 ’

338 1195 349 1223 1
364 1195 401 1223 V.
428 1195 560 1223 Formam
574 1193 656 1233 hujus
678 1190 804 1232 praeclari
821 1193 915 1235 operis
942 1191 982 1220 D.
1001 1189 1130 1222 Perrault
1147 1193 1175 1221 in
1190 1193 1319 1223 Vitruvii
1341 1188 1452 1220 Gallica
1466 1200 1544 1220 tran-

310 1236 428 1267 ssatione
445 1238 477 1267 L.
505 1246 567 1266 με.
587 1247 602 1266 2
627 1233 776 1269 exhibuit,
795 1237 824 1265 &
849 1244 969 1275 quatuor
989 1232 1086 1275 figuris
1106 1246 1167 1264 eam
1184 1232 1325 1278 expressit.

343 1283 381 1310 V.
411 1280 478 1309 Hoc
500 1277 656 1309 :edificium
674 1276 708 1307 ad
731 1281 771 1308 80
785 1277 890 1321 pedum
906 1276 1088 1307 altitudinem
1105 1277 1129 1307 se
1150 1277 1244 1313 tollit,
1259 1288 1290 1307 ac
1304 1275 1485 1308 tantumdem
1499 1279 1543 1307 in-

310 1324 352 1354 fra
372 1322 572 1364 deprimuntur
594 1321 779 1352 fundamenta
792 1343 802 1356 ‚
823 1319 903 1362 quod
925 1319 1090 1350 suburbium
1107 1319 1164 1351 fere
1183 1332 1277 1352 toturn
1296 1324 1325 1352 ὅ(
1340 1321 1544 1360 circumjecius

309 1378 375 1410 aget
395 1365 426 1397 fit
446 1366 501 1396 alte
514 1376 684 1396 excavatus:
710 1376 743 1394 ex
760 1367 794 1395 iis
808 1366 887 1394 enim
905 1366 994 1394 antris
1016 1362 1123 1406 lapides
1143 1363 1251 1395 sedtiles
1266 1365 1396 1405 quotidie
1411 1364 1545 1394 excidun-

311 1421 357 1441 tur
378 1411 500 1440 civitatis
526 1407 653 1439 aedificiis
672 1418 720 1438 aut
740 1407 935 1437 construendis
954 1429 961 1443 ,
989 1418 1035 1437 aut
1052 1407 1247 1438 instaurandis.
1270 1406 1357 1439 Unde
1380 1410 1408 1437 in
1432 1406 1545 1449 specum

312 1453 520 1484 subterraneam
532 1450 680 1482 descensus
703 1450 907 1482 Observatorii
927 1449 1107 1481 altitudinem
1122 1461 1232 1494 mquat:
1258 1462 1291 1481 ex
1311 1453 1370 1481 imo
1392 1450 1475 1491 hujus
1488 1450 1546 1492 spe·

312 1496 363 1527 ciis
376 1495 410 1526 ad
426 1495 568 1526 summum
588 1495 675 1537 usque
691 1493 875 1537 pinnaculum
893 1493 1023 1537 amplum
1040 1506 1115 1536 patet
1135 1495 1264 1525 foramen
1279 1497 1361 1525 certis
1381 1492 1473 1524 ufibus
1483 1487 1547 1523 de(-

312 1542 433 1570 tinatum
456 1553 461 1571 :
487 1540 622 1569 strustura
650 1541 737 1569 totius
764 1535 879 1568 aeclificii
904 1548 937 1567 ex
965 1537 1109 1579 quadratis
1134 1537 1321 1581 complanatis
1345 1536 1488 1580 lapidibus
1510 1534 1547 1567 sit:

313 1583 440 1619 constat,
463 1594 493 1613 ut
516 1593 662 1612 coeinento
685 1581 728 1611 his
751 1580 949 1611 devinciendis
969 1591 1040 1624 opus
1056 1593 1114 1612 non
1135 1581 1231 1613 fuerit.

717 1686 1018 1745 CAPUT
1084 1707 1145 1745 11.

494 1801 542 1830 De
568 1791 848 1838 olgsc‘rvationibus
871 1795 908 1828 in
927 1795 1037 1828 Dania
1054 1793 1093 1833 ό·
1112 1795 1236 1829 Lutetiae
1252 1793 1372 1844 fadis.

317 1889 338 1919 1.
450 1888 520 1920 Uod
541 1899 604 1918 ante
618 1888 800 1932 proposuerat
821 1889 860 1918 D.
884 1887 1007 1922 Picard,
1033 1890 1089 1918 iter
1103 1891 1132 1918 in
1153 1889 1280 1919 Daniam
1303 1899 1379 1918 anno
1403 1894 1484 1924 ¹671.
1505 1889 1549 1919 inss

360 1891 437 1973 Q
450 1932 553 1974 gressus
568 1932 605 1962 est
618 1955 626 1967 ‚
642 1943 709 1962 cum
730 1934 982 1963 instrumentorum
999 1943 1061 1975 quae
1081 1931 1231 1962 necessaria
1249 1931 1307 1962 visa
1330 1931 1391 1963 sunt
1404 1943 1548 1976 apparatu.

319 1977 392 2016 Qae
408 1976 442 2005 ab
460 1987 494 2005 eo
516 1978 546 2007 in
568 1976 617 2006 hac
645 1974 824 2019 longinqua,
847 1974 892 2006 sed
921 1986 979 2005 non
1006 1973 1132 2005 multum
1159 1975 1293 2006 diuturna
1318 1978 1549 2020 peregrinatione

319 2018 384 2050 sunt
408 2020 468 2049 :usta
480 2041 488 2054 ,
504 2021 561 2059 jam
572 2018 622 2051 diu
648 2022 721 2063 typis
743 2019 875 2051 mandata
889 2041 898 2054 ,
915 2030 949 2049 eo
965 2017 1026 2062 ipso
1040 2030 1169 2062 ternpore
1185 2031 1244 2063 quo
1258 2020 1317 2049 haec
1338 2018 1549 2054 scribebamus,

319 2061 384 2092 sunt
409 2061 564 2106 publicata.

353 2106 442 2138 Anno
460 2111 542 2150 16713
561 2105 656 2139 mense
670 2105 750 2151 Julio
771 2108 884 2141 Lutetia
904 2105 1051 2150 profectus
1079 2105 1332 2150 Ainstclodamum
1362 2108 1440 2138 venit
1467 2127 1478 2142 ,
1497 2104 1547 2139 ubi
