1638 2345
204 145 289 173 Asu.

207 192 294 225 1669,

312 106 349 132 66
561 93 731 127 REGIAE
778 90 1169 126 SCIENTIARUM

310 140 417 178 guescit
441 137 528 180 ,enisi
566 138 663 170 exesus
686 133 811 167 surculus
830 133 1009 165 abscindatur
1020 157 1030 170 ‚
1046 136 1125 179 quod
1141 135 1236 167 succus
1252 139 1282 167 in
1300 145 1380 179 parte
1393 135 1472 166 exesa
1487 137 1534 174 in-]

309 176 403 216 'fectus
425 183 508 215 instar
530 192 686 225 gangra-nx
708 178 896 210 circulatione
921 175 1062 220 reliquum
1082 182 1195 210 Iuccum
1214 181 1352 223 inquinet.

344 230 378 258 In
395 227 440 259 his
457 225 544 270 paulo
569 224 713 268 longiores
738 221 862 258 fuimus,
881 220 959 264 quod
979 231 1020 250 tes
1035 221 1094 266 ipffi
1108 222 1140 253 fit
1164 222 1352 267 speculatione
1373 222 1479 264 digna,
1493 230 1536 253 :it-⁴

313 283 368 315 que
384 281 415 302 ut
430 281 465 301 ex
476 268 660 300 circulatione
684 266 826 309 sanguinis
844 269 993 297 innumera
1014 277 1085 309 pene
1096 268 1169 296 circa
1187 265 1353 297 animalium
1373 276 1469 296 ortum
1482 287 1491 300 ‚
1503 268 1535 296 ὅ(

313 317 522 345 incrementum
536 334 546 347 ,
567 313 627 341 imo
649 313 681 342 &c
699 309 870 340 morborum
888 307 980 338 causas
997 318 1061 339 ante
1082 308 1242 340 reconditas
1268 309 1378 340 Medici
1399 311 1536 340 recentio-

314 369 357 388 res
383 360 574 390 invenerunt,
593 352 629 384 fic
645 364 707 396 quae
732 354 767 383 ad
793 353 1005 396 vegetationem
1031 355 1063 383 &
1081 355 1267 384 nutritionem
1295 351 1455 395 plantarum
1474 355 1536 382 imo

316 404 346 431 δι
365 399 400 431 ad
417 410 514 430 earum
538 395 657 429 morbos
679 396 806 440 [pedrant
823 408 858 428 ex
879 394 931 426 illo
944 394 1018 426 succi
1036 397 1146 427 nutritii
1169 399 1288 428 circuitu
1301 393 1422 427 fortaffis
1431 394 1538 438 depre-

316 443 486 474 hendentur.

346 485 457 517 Exinde
475 485 635 528 plantarum
653 482 857 526 descriptiones
877 492 984 524 magno
1004 480 1097 512 studio
1118 481 1180 513 fieri
1207 493 1309 525 coeptae
1331 481 1392 512 sunt
1407 503 1416 516 ,
1440 493 1502 525 quae
1522 481 1537 511 ἂ

318 529 360 559 D.
385 529 537 559 Marchant
569 525 682 562 allatae,
707 529 736 556 in
760 526 917 557 Academia
943 523 1094 566 diligenter
1115 524 1178 556 sunt
1202 530 1367 557 examinatae
1388 547 1398 560 ‚
1419 528 1449 556 &
1472 535 1539 556 cum

318 571 421 614 plantis
435 570 500 614 ipsis
514 568 634 602 collatae.

728 695 761 731 C
784 694 818 729 A
839 695 864 731 P
883 697 922 734 U
946 694 980 730 T
1037 696 1054 730 Ι
1079 697 1126 733 V.

720 785 770 814 De
788 779 926 827 Historia
945 780 1145 817 animalium.

319 869 344 899 1.
439 869 608 910 Raecipuurn
624 864 751 906 Physicis
776 867 955 899 Academicis
975 869 1052 898 hunc
1064 865 1194 897 laborem
1213 863 1390 909 propositum
1409 861 1488 895 fuisse
1500 863 1542 896 di-

371 872 423 944 P
439 915 550 946 ximus,
569 920 599 939 ut
618 908 779 950 plantirum
801 914 831 940 ὅ(
853 911 1021 942 animalium
1047 910 1204 942 Historiam
1220 908 1406 942 ihustraxent,
1422 918 1543 951 quaeque

319 953 334 983 ὲ
360 955 500 986 veteribus
517 957 547 985 ὃς
567 951 770 983 recentioribus
792 952 854 983 sunt
880 954 1013 985 mandata
1040 954 1140 985 litteris
1160 962 1291 984 accurato
1315 953 1439 982 examini
1460 949 1544 993 subji-

319 1007 424 1029 cerent.

349 1040 408 1071 Die
428 1051 471 1080 ²5-
496 1037 606 1081 Aprilis
626 1040 693 1068 anni
721 1042 803 1074 1669.
827 1040 976 1070 Etinaceus
995 1038 1084 1080 vulgo
1107 1049 1143 1068 un
1163 1039 1306 1079 Heriffon,
1330 1037 1462 1068 disscxstus
1477 1037 1545 1073 fuit,

321 1086 400 1124 cujus
428 1081 517 1113 vesica
539 1081 626 1124 longe
646 1083 738 1121 major
756 1092 814 1112 erat
828 1105 838 1117 ‚
855 1082 943 1124 quam
967 1093 1019 1125 pro
1043 1084 1171 1124 corporis
1191 1081 1399 1123 magnitudine.
1431 1093 1465 1112 ι..
1485 1083 1546 1111 Ve-

321 1136 364 1155 na·
391 1124 487 1155 lactea:
509 1123 666 1155 numerosa:
688 1123 884 1166 apparebant5
912 1126 991 1166 chyli
1021 1124 1228 1167 receptaculum
1248 1124 1377 1168 amplum
1403 1127 1433 1154 &
1453 1122 1546 1155 multo

322 1168 409 1209 ebylo
430 1179 554 1210 turgens.
578 1179 601 1206 3.
618 1167 752 1197 Intestina
767 1177 846 1198 erant
866 1167 1049 1202 uniusmodi,
1063 1177 1114 1197 nec
1138 1178 1250 1198 coecum
1262 1191 1270 1203 ,
1289 1179 1340 1198 nec
1358 1167 1500 1210 appendix
1517 1169 1548 1198 in

323 1214 356 1241 iis
380 1210 437 1242 visa
459 1211 594 1245 fuerunt‘,
613 1209 691 1240 oculi
703 1208 752 1252 pisi
769 1211 966 1253 magnitudine
979 1208 1120 1254 palpebris
1131 1210 1315 1241 interioribus
1328 1211 1452 1241 insttuffl
1464 1235 1472 1247 ‚
1486 1208 1548 1240 nul-

322 1253 354 1284 lo
377 1265 448 1297 pene
475 1254 595 1284 humore
617 1263 708 1294 aqueo
733 1263 779 1283 aut
805 1257 897 1284 vitreo
913 1276 922 1289 ‚
946 1252 994 1285 sed
1015 1252 1169 1284 cristallino
1199 1255 1401 1285 tantummodo
1425 1253 1547 1289 donati,

323 1308 414 1340 eoque
438 1296 596 1328 admodum
616 1306 757 1327 convexo,
781 1297 855 1327 Haec
881 1295 988 1328 semina
1002 1306 1060 1328 erat
1081 1299 1148 1326 octo
1161 1297 1275 1340 papillis
1291 1307 1482 1328 mammarum
1494 1295 1549 1328 do.

324 1350 388 1370 nata
405 1343 435 1371 &
457 1351 612 1383 praegnans.

362 1385 400 1413 11.
424 1384 523 1414 Paucis
542 1384 603 1426 post
621 1382 720 1415 diebus
744 1393 805 1413 mas
826 1381 925 1414 itidem
946 1380 1079 1414 dissectus
1101 1381 1153 1413 fuit
1169 1405 1178 1418 ‚
1198 1394 1300 1427 corpus
1314 1382 1417 1415 aculeis
1432 1382 1490 1414 fere
1503 1385 1549 1414 in-

324 1425 378 1456 star
401 1427 533 1457 castaneae
550 1429 693 1459 munitum
712 1437 770 1457 erat
788 1439 795 1457 ε
817 1425 890 1457 illud
913 1429 941 1456 in
960 1425 1082 1468 globum
1097 1426 1304 1462 contrahebat,
1328 1438 1362 1457 ne
1388 1426 1548 1470 apprehen-

325 1468 459 1505 detetur,
481 1469 610 1500 adductis
630 1468 829 1512 posterioribus
855 1468 974 1512 pedibus
990 1480 1054 1499 cum
1074 1469 1262 1500 anterioribus
1279 1469 1313 1501 ad
1334 1470 1454 1501 rostrum
1468 1492 1479 1506 ,
1502 1468 1550 1500 id-

326 1521 381 1553 que
398 1522 474 1543 tanta
486 1515 526 1548 vi,
538 1524 568 1544 ut
581 1512 665 1556 pedes
683 1512 840 1544 divellivix
862 1510 972 1554 poss'cnt
984 1535 994 1547 ,
1005 1523 1127 1554 cumque
1149 1516 1177 1543 in
1196 1524 1297 1554 aquam
1321 1512 1448 1555 demergi
1465 1523 1549 1557 opor-

326 1557 412 1586 tuerit
430 1567 491 1599 quce
516 1556 680 1587 contractos
695 1555 839 1587 musculos
862 1557 974 1587 laxavit·
997 1554 1145 1585 Musculus
1172 1556 1237 1585 huic
1254 1558 1445 1588 contraistioni
1469 1567 1550 1599 aptus

327 1608 425 1640 aperto
448 1609 546 1629 ventre
566 1609 689 1642 repertus
708 1599 756 1629 est.
774 1600 833 1629 Hic
846 1597 881 1629 ab
900 1597 957 1629 offe
970 1597 1047 1628 sacro
1064 1600 1205 1640 originem
1228 1601 1303 1642 capit
1317 1610 1405 1642 prope
1421 1597 1549 1642 spinam,

328 1640 415 1682 usque
432 1640 468 1671 ad
496 1642 618 1672 rostrum
643 1643 798 1684 porrigitur
813 1663 823 1676 ,
849 1639 929 1672 fibris
951 1640 1045 1684 longis
1063 1644 1092 1671 ὅ(
1109 1640 1270 1684 conspicuis
1293 1641 1426 1685 praeditus
1448 1643 1498 1672 est.

367 1683 535 1715 Nervorum
553 1687 718 1727 opticotum
731 1707 740 1720 ,
761 1687 811 1727 qui
831 1683 989 1716 admodum
1011 1681 1092 1715 crassi
1107 1694 1205 1719 erant,
1219 1688 1385 1725 conjunfflo
1403 1684 1551 1727 singularis

330 1726 389 1757 visa
412 1726 449 1757 est
462 1738 511 1769 per
534 1729 711 1770 interjestam
731 1726 843 1758 lincam.
868 1727 941 1757 Aliae
964 1738 1117 1758 nervorum
1139 1732 1350 1770 conjugationes
1370 1727 1432 1759 sunt
1450 1728 1552 1774 explo-

332 1781 408 1801 ratae.
436 1770 553 1813 Duplex
569 1782 627 1801 erat
645 1770 781 1801 clavicula
793 1781 824 1801 ut
842 1773 871 1800 in
893 1770 1021 1802 homine.
1034 1769 1145 1801 Verum
1161 1770 1304 1813 utriusque
1317 1771 1470 1815 descriptio
1484 1783 1551 1805 cum

334 1811 431 1856 figuris
452 1824 526 1844 anno
548 1819 633 1851 1676.
656 1813 756 1844 excusa
777 1813 840 1845 fuit.

375 1858 509 1897 Longum
527 1856 592 1887 ess'et
607 1860 638 1887 &
658 1855 893 1900 supervacaneum
905 1860 1004 1888 musta
1025 1870 1087 1902 qua:
1108 1859 1162 1888 hoc
1187 1860 1216 1888 &
1231 1858 1388 1901 insqiienti
1407 1869 1482 1889 anno
1495 1857 1553 1890 dis.

334 1898 407 1930 secra
429 1900 491 1930 sunt
511 1899 645 1930 animalia
662 1898 803 1943 sigillatim
824 1900 963 1931 recensere
977 1924 984 1936 ‚
997 1913 1062 1932 cuin
1084 1912 1184 1931 cotum
1203 1900 1354 1944 dtsttiptio
1375 1903 1467 1945 Typis
1487 1902 1552 1933 Re-

333 1945 387 1985 giis
397 1942 529 1974 mandata
548 1942 651 1979 silent,
673 1954 732 1973 non
755 1946 887 1974 omniurn
909 1944 1024 1985 quidem
1040 1967 1049 1979 ,
1075 1943 1121 1974 sed
1148 1956 1247 1975 cotum
1269 1947 1297 1974 in
1315 1944 1417 1987 quibus
1445 1944 1552 1987 insigne

334 1984 443 2027 aliquid
468 1989 498 2017 δε
530 1989 697 2028 cognitione
715 1985 835 2028 dignum
866 1985 917 2017 fuit
939 1986 1129 2018 observatum.
1153 1990 1259 2017 Verum
1284 1988 1338 2019 hoc
1363 1988 1453 2032 ipsum
1479 1999 1552 2031 opus

336 2039 392 2058 non
423 2029 605 2060 mediocriter
628 2030 743 2060 austum
772 2034 802 2061 ὃ(
828 2030 994 2061 illustratum
1019 2030 1170 2074 aliquando
1191 2030 1296 2073 publici
1319 2034 1385 2071 juris
1408 2031 1467 2062 fier.

372 2073 425 2104 111.
439 2071 603 2118 Descriptio
620 2071 801 2117 Acipenscris
814 2072 902 2117 vulgo
913 2074 1060 2118 Eturgeom
1076 2076 1105 2105 in
1114 2072 1285 2107 Cadomensi
1302 2074 1454 2106 Academia
1464 2073 1549 2111 fasta,
