<?xml version="1.0" encoding="UTF-8"?>
<!DOCTYPE html PUBLIC "-//W3C//DTD XHTML 1.0 Transitional//EN"
    "http://www.w3.org/TR/xhtml1/DTD/xhtml1-transitional.dtd">
<html xmlns="http://www.w3.org/1999/xhtml" xml:lang="en" lang="en">
 <head>
  <title>
</title>
<meta http-equiv="Content-Type" content="text/html;charset=utf-8" />
  <meta name='ocr-system' content='tesseract 3.04.00' />
  <meta name='ocr-capabilities' content='ocr_page ocr_carea ocr_par ocr_line ocrx_word'/>
</head>
<body>
  <div class='ocr_page' id='page_1' title='image "./regiscientiaru98duha_0286.png"; bbox 0 0 1638 2345; ppageno 0'>
   <div class='ocr_carea' id='block_1_1' title="bbox 197 136 1550 1908">
    <p class='ocr_par' dir='ltr' id='par_1_1' title="bbox 197 136 1544 268">
     <span class='ocr_line' id='line_1_1' title="bbox 314 136 1259 175; baseline 0.005 -10"><span class='ocrx_word' id='word_1_1' title='bbox 314 141 373 175; x_wconf 81' lang='lat'>264</span> <span class='ocrx_word' id='word_1_2' title='bbox 616 137 792 170; x_wconf 73' lang='lat' dir='ltr'>REGIAE</span> <span class='ocrx_word' id='word_1_3' title='bbox 850 136 1259 172; x_wconf 76' lang='lat' dir='ltr'>SGIENTIARUM</span> 
     </span>
     <span class='ocr_line' id='line_1_2' title="bbox 197 177 1544 230; baseline 0.008 -23"><span class='ocrx_word' id='word_1_4' title='bbox 197 177 286 209; x_wconf 55' lang='lat' dir='ltr'>Ami.</span> <span class='ocrx_word' id='word_1_5' title='bbox 310 178 404 221; x_wconf 78' lang='lat' dir='ltr'>phiala</span> <span class='ocrx_word' id='word_1_6' title='bbox 423 190 494 223; x_wconf 86' lang='lat' dir='ltr'>aqua</span> <span class='ocrx_word' id='word_1_7' title='bbox 521 181 603 224; x_wconf 85' lang='lat' dir='ltr'>plena</span> <span class='ocrx_word' id='word_1_8' title='bbox 624 194 688 213; x_wconf 84' lang='lat' dir='ltr'>ante</span> <span class='ocrx_word' id='word_1_9' title='bbox 709 182 834 212; x_wconf 82' lang='lat' dir='ltr'>diffundi</span> <span class='ocrx_word' id='word_1_10' title='bbox 854 193 941 225; x_wconf 77' lang='lat' dir='ltr'>quam</span> <span class='ocrx_word' id='word_1_11' title='bbox 964 183 1050 214; x_wconf 81' lang='lat' dir='ltr'>caulis</span> <span class='ocrx_word' id='word_1_12' title='bbox 1072 182 1176 214; x_wconf 59' lang='grc' dir='ltr'>(κείς-ιι</span> <span class='ocrx_word' id='word_1_13' title='bbox 1190 205 1199 218; x_wconf 92' lang='lat'><em>‚</em></span> <span class='ocrx_word' id='word_1_14' title='bbox 1219 194 1251 213; x_wconf 82' lang='lat' dir='ltr'>ac</span> <span class='ocrx_word' id='word_1_15' title='bbox 1271 195 1364 215; x_wconf 85' lang='lat' dir='ltr'>ramos</span> <span class='ocrx_word' id='word_1_16' title='bbox 1384 195 1415 216; x_wconf 82' lang='lat' dir='ltr'>ca</span> <span class='ocrx_word' id='word_1_17' title='bbox 1428 197 1461 217; x_wconf 88' lang='lat' dir='ltr'>ex</span> <span class='ocrx_word' id='word_1_18' title='bbox 1480 197 1544 230; x_wconf 77' lang='lat' dir='ltr'>pat·</span> 
     </span>
     <span class='ocr_line' id='line_1_3' title="bbox 198 220 1075 268; baseline 0.008 -18"><span class='ocrx_word' id='word_1_19' title='bbox 198 226 288 260; x_wconf 82' lang='lat'><em>1690.</em></span> <span class='ocrx_word' id='word_1_20' title='bbox 310 233 337 252; x_wconf 84' lang='lat' dir='ltr'>tc</span> <span class='ocrx_word' id='word_1_21' title='bbox 355 220 408 252; x_wconf 77' lang='lat' dir='ltr'>effe</span> <span class='ocrx_word' id='word_1_22' title='bbox 430 221 595 259; x_wconf 81' lang='lat' dir='ltr'>cmffiores,</span> <span class='ocrx_word' id='word_1_23' title='bbox 616 235 671 266; x_wconf 84' lang='lat' dir='ltr'>qua</span> <span class='ocrx_word' id='word_1_24' title='bbox 692 225 800 255; x_wconf 75' lang='lat' dir='ltr'>radices</span> <span class='ocrx_word' id='word_1_25' title='bbox 823 225 886 257; x_wconf 85' lang='lat' dir='ltr'>sunt</span> <span class='ocrx_word' id='word_1_26' title='bbox 906 230 1075 268; x_wconf 79' lang='lat' dir='ltr'>vegetiores.</span> 
     </span>
    </p>

    <p class='ocr_par' dir='ltr' id='par_1_2' title="bbox 302 266 1547 443">
     <span class='ocr_line' id='line_1_4' title="bbox 355 266 1544 314; baseline 0.007 -19"><span class='ocrx_word' id='word_1_27' title='bbox 355 268 381 296; x_wconf 91' lang='lat' dir='ltr'>V</span> <span class='ocrx_word' id='word_1_28' title='bbox 395 267 417 298; x_wconf 87' lang='lat'>1.</span> <span class='ocrx_word' id='word_1_29' title='bbox 456 268 496 296; x_wconf 94' lang='lat' dir='ltr'>D.</span> <span class='ocrx_word' id='word_1_30' title='bbox 527 269 571 297; x_wconf 87' lang='lat' dir='ltr'>De</span> <span class='ocrx_word' id='word_1_31' title='bbox 593 266 617 296; x_wconf 75' lang='lat' dir='ltr'>la</span> <span class='ocrx_word' id='word_1_32' title='bbox 637 269 710 298; x_wconf 83' lang='lat' dir='ltr'>Hire</span> <span class='ocrx_word' id='word_1_33' title='bbox 725 267 949 300; x_wconf 75' lang='lat' dir='ltr'>dill‘ertationem</span> <span class='ocrx_word' id='word_1_34' title='bbox 972 269 1007 301; x_wconf 88' lang='lat' dir='ltr'>de</span> <span class='ocrx_word' id='word_1_35' title='bbox 1032 269 1192 313; x_wconf 83' lang='lat' dir='ltr'>plantarum</span> <span class='ocrx_word' id='word_1_36' title='bbox 1206 293 1216 306; x_wconf 88' lang='lat'>,</span> <span class='ocrx_word' id='word_1_37' title='bbox 1233 270 1387 301; x_wconf 77' lang='lat' dir='ltr'>nutritione</span> <span class='ocrx_word' id='word_1_38' title='bbox 1414 270 1483 314; x_wconf 85' lang='lat' dir='ltr'>legit</span> <span class='ocrx_word' id='word_1_39' title='bbox 1508 271 1544 302; x_wconf 87' lang='lat' dir='ltr'>si-</span> 
     </span>
     <span class='ocr_line' id='line_1_5' title="bbox 306 307 1545 358; baseline 0.006 -19"><span class='ocrx_word' id='word_1_40' title='bbox 306 307 366 339; x_wconf 92' lang='lat' dir='ltr'>mul</span> <span class='ocrx_word' id='word_1_41' title='bbox 389 313 418 341; x_wconf 78' lang='grc' dir='ltr'>δι</span> <span class='ocrx_word' id='word_1_42' title='bbox 437 310 568 351; x_wconf 70' lang='lat' dir='ltr'>quaedam</span> <span class='ocrx_word' id='word_1_43' title='bbox 586 313 780 352; x_wconf 79' lang='lat' dir='ltr'>experimenta</span> <span class='ocrx_word' id='word_1_44' title='bbox 802 311 817 340; x_wconf 74' lang='lat' dir='ltr'>a</span> <span class='ocrx_word' id='word_1_45' title='bbox 844 311 869 342; x_wconf 87' lang='lat' dir='ltr'>se</span> <span class='ocrx_word' id='word_1_46' title='bbox 900 311 973 342; x_wconf 57' lang='lat' dir='ltr'>facta</span> <span class='ocrx_word' id='word_1_47' title='bbox 988 316 1063 343; x_wconf 85' lang='lat' dir='ltr'>circa</span> <span class='ocrx_word' id='word_1_48' title='bbox 1086 317 1180 345; x_wconf 69' lang='lat' dir='ltr'>aereas</span> <span class='ocrx_word' id='word_1_49' title='bbox 1201 311 1325 343; x_wconf 85' lang='lat' dir='ltr'>bullulas</span> <span class='ocrx_word' id='word_1_50' title='bbox 1339 323 1402 354; x_wconf 84' lang='lat' dir='ltr'>quae</span> <span class='ocrx_word' id='word_1_51' title='bbox 1416 316 1445 344; x_wconf 93' lang='lat' dir='ltr'>in</span> <span class='ocrx_word' id='word_1_52' title='bbox 1462 316 1545 358; x_wconf 83' lang='lat' dir='ltr'>phia-</span> 
     </span>
     <span class='ocr_line' id='line_1_6' title="bbox 302 351 1546 400; baseline 0.006 -19"><span class='ocrx_word' id='word_1_53' title='bbox 302 351 340 382; x_wconf 87' lang='lat' dir='ltr'>lis</span> <span class='ocrx_word' id='word_1_54' title='bbox 361 363 432 394; x_wconf 83' lang='lat' dir='ltr'>aqua</span> <span class='ocrx_word' id='word_1_55' title='bbox 449 352 539 394; x_wconf 79' lang='lat' dir='ltr'>plenis</span> <span class='ocrx_word' id='word_1_56' title='bbox 556 364 706 395; x_wconf 80' lang='lat' dir='ltr'>emergunt</span> <span class='ocrx_word' id='word_1_57' title='bbox 721 376 729 388; x_wconf 89' lang='lat'>,</span> <span class='ocrx_word' id='word_1_58' title='bbox 753 365 818 384; x_wconf 88' lang='lat' dir='ltr'>cum</span> <span class='ocrx_word' id='word_1_59' title='bbox 836 358 868 385; x_wconf 83' lang='lat' dir='ltr'>iis</span> <span class='ocrx_word' id='word_1_60' title='bbox 881 355 985 398; x_wconf 72' lang='lat' dir='ltr'>plantae</span> <span class='ocrx_word' id='word_1_61' title='bbox 1000 355 1035 386; x_wconf 85' lang='lat' dir='ltr'>ad</span> <span class='ocrx_word' id='word_1_62' title='bbox 1056 357 1246 399; x_wconf 82' lang='lat' dir='ltr'>vegetandum</span> <span class='ocrx_word' id='word_1_63' title='bbox 1267 354 1381 387; x_wconf 76' lang='lat' dir='ltr'>fuerunt</span> <span class='ocrx_word' id='word_1_64' title='bbox 1396 358 1546 400; x_wconf 60' lang='lat' dir='ltr'>imposita.</span> 
     </span>
     <span class='ocr_line' id='line_1_7' title="bbox 304 395 1547 443; baseline 0.004 -17"><span class='ocrx_word' id='word_1_65' title='bbox 304 397 448 436; x_wconf 73' lang='lat' dir='ltr'>Lagenam</span> <span class='ocrx_word' id='word_1_66' title='bbox 465 397 585 426; x_wconf 79' lang='lat' dir='ltr'>vitream</span> <span class='ocrx_word' id='word_1_67' title='bbox 601 399 630 426; x_wconf 91' lang='lat'>&amp;</span> <span class='ocrx_word' id='word_1_68' title='bbox 653 395 778 440; x_wconf 80' lang='lat' dir='ltr'>amplam</span> <span class='ocrx_word' id='word_1_69' title='bbox 793 408 864 439; x_wconf 88' lang='lat' dir='ltr'>aqua</span> <span class='ocrx_word' id='word_1_70' title='bbox 884 397 1053 442; x_wconf 82' lang='lat' dir='ltr'>impleverat</span> <span class='ocrx_word' id='word_1_71' title='bbox 1077 411 1126 442; x_wconf 82' lang='lat' dir='ltr'>pet</span> <span class='ocrx_word' id='word_1_72' title='bbox 1149 398 1314 443; x_wconf 81' lang='lat' dir='ltr'>complures</span> <span class='ocrx_word' id='word_1_73' title='bbox 1333 398 1393 430; x_wconf 80' lang='lat' dir='ltr'>dies</span> <span class='ocrx_word' id='word_1_74' title='bbox 1412 399 1472 431; x_wconf 88' lang='lat' dir='ltr'>Soli</span> <span class='ocrx_word' id='word_1_75' title='bbox 1495 412 1547 431; x_wconf 87' lang='lat' dir='ltr'>ex-</span> 
     </span>
    </p>

    <p class='ocr_par' dir='ltr' id='par_1_3' title="bbox 299 437 1548 990">
     <span class='ocr_line' id='line_1_8' title="bbox 324 437 1546 483; baseline 0.005 -14"><span class='ocrx_word' id='word_1_76' title='bbox 324 437 423 469; x_wconf 63' lang='lat' dir='ltr'>orizam</span> <span class='ocrx_word' id='word_1_77' title='bbox 445 451 451 468; x_wconf 75' lang='lat' dir='ltr'>z</span> <span class='ocrx_word' id='word_1_78' title='bbox 478 437 524 469; x_wconf 85' lang='lat' dir='ltr'>sed</span> <span class='ocrx_word' id='word_1_79' title='bbox 540 449 606 469; x_wconf 89' lang='lat' dir='ltr'>cum</span> <span class='ocrx_word' id='word_1_80' title='bbox 624 439 653 470; x_wconf 83' lang='lat' dir='ltr'>id</span> <span class='ocrx_word' id='word_1_81' title='bbox 670 443 807 483; x_wconf 82' lang='lat' dir='ltr'>temporis</span> <span class='ocrx_word' id='word_1_82' title='bbox 826 440 935 472; x_wconf 86' lang='lat' dir='ltr'>coelum</span> <span class='ocrx_word' id='word_1_83' title='bbox 957 441 1090 472; x_wconf 89' lang='lat' dir='ltr'>nubilum</span> <span class='ocrx_word' id='word_1_84' title='bbox 1110 442 1206 477; x_wconf 79' lang='lat' dir='ltr'>foret,</span> <span class='ocrx_word' id='word_1_85' title='bbox 1231 441 1316 473; x_wconf 69' lang='lat' dir='ltr'>nullae</span> <span class='ocrx_word' id='word_1_86' title='bbox 1339 444 1369 471; x_wconf 87' lang='lat' dir='ltr'>in</span> <span class='ocrx_word' id='word_1_87' title='bbox 1388 444 1448 473; x_wconf 91' lang='lat' dir='ltr'>imo</span> <span class='ocrx_word' id='word_1_88' title='bbox 1473 442 1546 475; x_wconf 80' lang='lat' dir='ltr'>vasis</span> 
     </span>
     <span class='ocr_line' id='line_1_9' title="bbox 300 449 1548 529; baseline 0.005 -18"><span class='ocrx_word' id='word_1_89' title='bbox 300 449 416 511; x_wconf 53' lang='lat' dir='ltr'>bullulae</span> <span class='ocrx_word' id='word_1_90' title='bbox 437 480 502 511; x_wconf 69' lang='lat' dir='ltr'>visae</span> <span class='ocrx_word' id='word_1_91' title='bbox 521 481 584 512; x_wconf 88' lang='lat' dir='ltr'>sunt</span> <span class='ocrx_word' id='word_1_92' title='bbox 610 496 617 514; x_wconf 70' lang='grc' dir='ltr'><strong><em>ε</em></strong></span> <span class='ocrx_word' id='word_1_93' title='bbox 643 481 692 513; x_wconf 88' lang='lat' dir='ltr'>ubi</span> <span class='ocrx_word' id='word_1_94' title='bbox 717 484 815 513; x_wconf 81' lang='lat' dir='ltr'>sereno</span> <span class='ocrx_word' id='word_1_95' title='bbox 834 487 900 514; x_wconf 76' lang='lat' dir='ltr'>ae&#39;re</span> <span class='ocrx_word' id='word_1_96' title='bbox 923 484 1023 526; x_wconf 79' lang='lat' dir='ltr'>lagena</span> <span class='ocrx_word' id='word_1_97' title='bbox 1042 484 1137 515; x_wconf 85' lang='lat' dir='ltr'>calore</span> <span class='ocrx_word' id='word_1_98' title='bbox 1165 486 1241 517; x_wconf 75' lang='lat' dir='ltr'>Solis</span> <span class='ocrx_word' id='word_1_99' title='bbox 1266 483 1382 516; x_wconf 81' lang='lat' dir='ltr'>incaluit</span> <span class='ocrx_word' id='word_1_100' title='bbox 1404 511 1412 521; x_wconf 89' lang='lat'><em>‚</em></span> <span class='ocrx_word' id='word_1_101' title='bbox 1442 498 1548 529; x_wconf 79' lang='lat' dir='ltr'>magna,</span> 
     </span>
     <span class='ocr_line' id='line_1_10' title="bbox 301 522 1544 569; baseline 0.006 -16"><span class='ocrx_word' id='word_1_102' title='bbox 301 522 447 554; x_wconf 75' lang='lat' dir='ltr'>bullarum</span> <span class='ocrx_word' id='word_1_103' title='bbox 462 523 617 556; x_wconf 84' lang='lat' dir='ltr'>multitudo</span> <span class='ocrx_word' id='word_1_104' title='bbox 638 536 702 567; x_wconf 80' lang='lat' dir='ltr'>quae</span> <span class='ocrx_word' id='word_1_105' title='bbox 725 529 755 555; x_wconf 90' lang='lat' dir='ltr'>in</span> <span class='ocrx_word' id='word_1_106' title='bbox 780 525 872 558; x_wconf 88' lang='lat' dir='ltr'>fundo</span> <span class='ocrx_word' id='word_1_107' title='bbox 900 526 1005 569; x_wconf 77' lang='lat' dir='ltr'>lagena:</span> <span class='ocrx_word' id='word_1_108' title='bbox 1029 526 1247 567; x_wconf 81' lang='lat' dir='ltr'>formabantur,</span> <span class='ocrx_word' id='word_1_109' title='bbox 1265 531 1339 558; x_wconf 87' lang='lat' dir='ltr'>circa</span> <span class='ocrx_word' id='word_1_110' title='bbox 1360 528 1460 559; x_wconf 88' lang='lat' dir='ltr'>horam</span> <span class='ocrx_word' id='word_1_111' title='bbox 1485 532 1544 560; x_wconf 82' lang='lat' dir='ltr'>diei</span> 
     </span>
     <span class='ocr_line' id='line_1_11' title="bbox 300 566 1545 614; baseline 0.003 -18"><span class='ocrx_word' id='word_1_112' title='bbox 300 566 485 597; x_wconf 81' lang='lat' dir='ltr'>undecimam</span> <span class='ocrx_word' id='word_1_113' title='bbox 503 568 649 598; x_wconf 83' lang='lat' dir='ltr'>emersere.</span> <span class='ocrx_word' id='word_1_114' title='bbox 673 569 755 599; x_wconf 85' lang='lat' dir='ltr'>Cum</span> <span class='ocrx_word' id='word_1_115' title='bbox 776 579 870 600; x_wconf 85' lang='lat' dir='ltr'>autem</span> <span class='ocrx_word' id='word_1_116' title='bbox 890 582 946 614; x_wconf 77' lang='lat' dir='ltr'>pra:</span> <span class='ocrx_word' id='word_1_117' title='bbox 965 569 1027 601; x_wconf 90' lang='lat' dir='ltr'>solo</span> <span class='ocrx_word' id='word_1_118' title='bbox 1049 582 1127 613; x_wconf 78' lang='lat' dir='ltr'>aqua:</span> <span class='ocrx_word' id='word_1_119' title='bbox 1150 570 1245 602; x_wconf 83' lang='lat' dir='ltr'>calore</span> <span class='ocrx_word' id='word_1_120' title='bbox 1268 581 1310 601; x_wconf 86' lang='lat' dir='ltr'>tot</span> <span class='ocrx_word' id='word_1_121' title='bbox 1334 569 1456 601; x_wconf 84' lang='lat' dir='ltr'>bullulas</span> <span class='ocrx_word' id='word_1_122' title='bbox 1484 571 1545 603; x_wconf 85' lang='lat' dir='ltr'>sur-</span> 
     </span>
     <span class='ocr_line' id='line_1_12' title="bbox 300 608 1544 656; baseline 0.006 -17"><span class='ocrx_word' id='word_1_123' title='bbox 300 609 363 640; x_wconf 88' lang='lat' dir='ltr'>sum</span> <span class='ocrx_word' id='word_1_124' title='bbox 386 608 482 640; x_wconf 87' lang='lat' dir='ltr'>efferri</span> <span class='ocrx_word' id='word_1_125' title='bbox 502 621 561 641; x_wconf 88' lang='lat' dir='ltr'>non</span> <span class='ocrx_word' id='word_1_126' title='bbox 580 611 664 642; x_wconf 84' lang='lat' dir='ltr'>facile</span> <span class='ocrx_word' id='word_1_127' title='bbox 686 610 738 643; x_wconf 86' lang='lat' dir='ltr'>fibi</span> <span class='ocrx_word' id='word_1_128' title='bbox 758 612 936 654; x_wconf 85' lang='lat' dir='ltr'>persuaderet</span> <span class='ocrx_word' id='word_1_129' title='bbox 949 635 959 648; x_wconf 88' lang='lat'>,</span> <span class='ocrx_word' id='word_1_130' title='bbox 981 625 1012 644; x_wconf 86' lang='lat' dir='ltr'>ac</span> <span class='ocrx_word' id='word_1_131' title='bbox 1039 611 1088 647; x_wconf 83' lang='lat' dir='ltr'>sus</span> <span class='ocrx_word' id='word_1_132' title='bbox 1104 617 1223 645; x_wconf 84' lang='lat' dir='ltr'>icaretur</span> <span class='ocrx_word' id='word_1_133' title='bbox 1243 613 1365 653; x_wconf 59' lang='lat' dir='ltr'>subjecti</span> <span class='ocrx_word' id='word_1_134' title='bbox 1381 613 1484 656; x_wconf 80' lang='lat' dir='ltr'>lapidis</span> <span class='ocrx_word' id='word_1_135' title='bbox 1500 626 1544 646; x_wconf 87' lang='lat' dir='ltr'>ca-</span> 
     </span>
     <span class='ocr_line' id='line_1_13' title="bbox 299 626 1546 701; baseline 0.006 -19"><span class='ocrx_word' id='word_1_136' title='bbox 299 650 361 683; x_wconf 88' lang='lat' dir='ltr'>lore</span> <span class='ocrx_word' id='word_1_137' title='bbox 376 664 420 683; x_wconf 81' lang='lat' dir='ltr'>eas</span> <span class='ocrx_word' id='word_1_138' title='bbox 440 658 639 689; x_wconf 82' lang='lat' dir='ltr'>commoveri,</span> <span class='ocrx_word' id='word_1_139' title='bbox 656 654 786 694; x_wconf 76' lang='lat' dir='ltr'>lagenam</span> <span class='ocrx_word' id='word_1_140' title='bbox 806 654 871 686; x_wconf 80' lang='lat' dir='ltr'>loco</span> <span class='ocrx_word' id='word_1_141' title='bbox 893 659 985 686; x_wconf 89' lang='lat' dir='ltr'>movit</span> <span class='ocrx_word' id='word_1_142' title='bbox 997 679 1006 692; x_wconf 94' lang='lat'><strong><em>,</em></strong></span> <span class='ocrx_word' id='word_1_143' title='bbox 1031 659 1062 687; x_wconf 71' lang='grc' dir='ltr'>δε</span> <span class='ocrx_word' id='word_1_144' title='bbox 1084 626 1168 699; x_wconf 56' lang='grc' dir='ltr'>ῗίςηο</span> <span class='ocrx_word' id='word_1_145' title='bbox 1188 657 1280 688; x_wconf 85' lang='lat' dir='ltr'>adhuc</span> <span class='ocrx_word' id='word_1_146' title='bbox 1299 656 1430 687; x_wconf 75' lang='lat' dir='ltr'>calidiori</span> <span class='ocrx_word' id='word_1_147' title='bbox 1449 660 1546 701; x_wconf 81' lang='lat' dir='ltr'>impo-</span> 
     </span>
     <span class='ocr_line' id='line_1_14' title="bbox 301 694 1545 741; baseline 0.006 -16"><span class='ocrx_word' id='word_1_148' title='bbox 301 694 353 726; x_wconf 87' lang='lat' dir='ltr'>suit</span> <span class='ocrx_word' id='word_1_149' title='bbox 367 718 376 731; x_wconf 92' lang='lat'><em>‚</em></span> <span class='ocrx_word' id='word_1_150' title='bbox 401 707 463 727; x_wconf 86' lang='lat' dir='ltr'>tum</span> <span class='ocrx_word' id='word_1_151' title='bbox 484 708 552 727; x_wconf 90' lang='lat' dir='ltr'>vero</span> <span class='ocrx_word' id='word_1_152' title='bbox 574 696 659 728; x_wconf 72' lang='lat' dir='ltr'>bullen</span> <span class='ocrx_word' id='word_1_153' title='bbox 676 697 733 728; x_wconf 84' lang='lat' dir='ltr'>fere</span> <span class='ocrx_word' id='word_1_154' title='bbox 757 709 787 729; x_wconf 86' lang='lat' dir='ltr'>ut</span> <span class='ocrx_word' id='word_1_155' title='bbox 806 701 835 729; x_wconf 91' lang='lat' dir='ltr'>in</span> <span class='ocrx_word' id='word_1_156' title='bbox 851 698 942 730; x_wconf 88' lang='lat' dir='ltr'>lebete</span> <span class='ocrx_word' id='word_1_157' title='bbox 956 710 1021 729; x_wconf 89' lang='lat' dir='ltr'>cum</span> <span class='ocrx_word' id='word_1_158' title='bbox 1036 711 1108 741; x_wconf 84' lang='lat' dir='ltr'>aqua</span> <span class='ocrx_word' id='word_1_159' title='bbox 1128 700 1313 732; x_wconf 84' lang='lat' dir='ltr'>mediocriter</span> <span class='ocrx_word' id='word_1_160' title='bbox 1334 698 1438 731; x_wconf 82' lang='lat' dir='ltr'>ebullit</span> <span class='ocrx_word' id='word_1_161' title='bbox 1452 723 1462 736; x_wconf 88' lang='lat'>‚</span> <span class='ocrx_word' id='word_1_162' title='bbox 1479 712 1545 732; x_wconf 76' lang='lat' dir='ltr'>tur-</span> 
     </span>
     <span class='ocr_line' id='line_1_15' title="bbox 302 740 1546 787; baseline 0.005 -19"><span class='ocrx_word' id='word_1_163' title='bbox 302 741 403 769; x_wconf 69' lang='lat' dir='ltr'>matim</span> <span class='ocrx_word' id='word_1_164' title='bbox 426 751 588 782; x_wconf 84' lang='lat' dir='ltr'>eruperunt.</span> <span class='ocrx_word' id='word_1_165' title='bbox 627 740 744 771; x_wconf 82' lang='lat' dir='ltr'>Deinde</span> <span class='ocrx_word' id='word_1_166' title='bbox 769 741 875 784; x_wconf 76' lang='lat' dir='ltr'>lagenre</span> <span class='ocrx_word' id='word_1_167' title='bbox 898 742 1020 773; x_wconf 88' lang='lat' dir='ltr'>fundum</span> <span class='ocrx_word' id='word_1_168' title='bbox 1041 742 1076 773; x_wconf 82' lang='lat' dir='ltr'>fic</span> <span class='ocrx_word' id='word_1_169' title='bbox 1098 745 1172 774; x_wconf 88' lang='lat' dir='ltr'>intra</span> <span class='ocrx_word' id='word_1_170' title='bbox 1197 755 1245 774; x_wconf 86' lang='lat' dir='ltr'>vas</span> <span class='ocrx_word' id='word_1_171' title='bbox 1266 754 1337 785; x_wconf 82' lang='lat' dir='ltr'>aqua</span> <span class='ocrx_word' id='word_1_172' title='bbox 1357 742 1461 786; x_wconf 65' lang='lat' dir='ltr'>frigida</span> <span class='ocrx_word' id='word_1_173' title='bbox 1483 744 1546 787; x_wconf 88' lang='lat' dir='ltr'>plc-</span> 
     </span>
     <span class='ocr_line' id='line_1_16' title="bbox 302 784 1545 828; baseline 0.006 -17"><span class='ocrx_word' id='word_1_174' title='bbox 302 792 372 812; x_wconf 82' lang='lat' dir='ltr'>num</span> <span class='ocrx_word' id='word_1_175' title='bbox 398 786 505 824; x_wconf 85' lang='lat' dir='ltr'>aptavit</span> <span class='ocrx_word' id='word_1_176' title='bbox 526 805 535 818; x_wconf 92' lang='lat'><em>,</em></span> <span class='ocrx_word' id='word_1_177' title='bbox 560 794 591 814; x_wconf 68' lang='lat' dir='ltr'>us</span> <span class='ocrx_word' id='word_1_178' title='bbox 611 795 671 814; x_wconf 86' lang='lat' dir='ltr'>non</span> <span class='ocrx_word' id='word_1_179' title='bbox 714 784 835 827; x_wconf 83' lang='lat' dir='ltr'>amplius</span> <span class='ocrx_word' id='word_1_180' title='bbox 856 797 943 828; x_wconf 81' lang='lat' dir='ltr'>quam</span> <span class='ocrx_word' id='word_1_181' title='bbox 962 788 1044 817; x_wconf 80' lang='lat' dir='ltr'>unius</span> <span class='ocrx_word' id='word_1_182' title='bbox 1067 786 1151 828; x_wconf 79' lang='lat' dir='ltr'>digiti</span> <span class='ocrx_word' id='word_1_183' title='bbox 1177 786 1324 817; x_wconf 87' lang='lat' dir='ltr'>latitudine</span> <span class='ocrx_word' id='word_1_184' title='bbox 1351 797 1545 828; x_wconf 81' lang='lat' dir='ltr'>mergeretur,</span> 
     </span>
     <span class='ocr_line' id='line_1_17' title="bbox 303 824 1548 874; baseline 0.006 -20"><span class='ocrx_word' id='word_1_185' title='bbox 303 824 352 855; x_wconf 87' lang='lat' dir='ltr'>sed</span> <span class='ocrx_word' id='word_1_186' title='bbox 376 826 461 856; x_wconf 84' lang='lat' dir='ltr'>nulla:</span> <span class='ocrx_word' id='word_1_187' title='bbox 483 825 541 857; x_wconf 79' lang='lat' dir='ltr'>fere</span> <span class='ocrx_word' id='word_1_188' title='bbox 561 826 646 858; x_wconf 71' lang='lat' dir='ltr'>bullae</span> <span class='ocrx_word' id='word_1_189' title='bbox 666 838 726 858; x_wconf 85' lang='lat' dir='ltr'>tum</span> <span class='ocrx_word' id='word_1_190' title='bbox 749 829 917 870; x_wconf 88' lang='lat' dir='ltr'>prodierunt</span> <span class='ocrx_word' id='word_1_191' title='bbox 933 854 941 866; x_wconf 90' lang='lat'>,</span> <span class='ocrx_word' id='word_1_192' title='bbox 971 828 1078 859; x_wconf 83' lang='lat' dir='ltr'>tametsi</span> <span class='ocrx_word' id='word_1_193' title='bbox 1107 830 1205 871; x_wconf 87' lang='lat' dir='ltr'>lagena</span> <span class='ocrx_word' id='word_1_194' title='bbox 1230 829 1293 860; x_wconf 89' lang='lat' dir='ltr'>Soli</span> <span class='ocrx_word' id='word_1_195' title='bbox 1312 827 1378 860; x_wconf 74' lang='lat' dir='ltr'>effer</span> <span class='ocrx_word' id='word_1_196' title='bbox 1400 830 1548 874; x_wconf 75' lang='lat' dir='ltr'>exposita²</span> 
     </span>
     <span class='ocr_line' id='line_1_18' title="bbox 305 869 1545 915; baseline 0.004 -16"><span class='ocrx_word' id='word_1_197' title='bbox 305 871 337 898; x_wconf 85' lang='lat'>&amp;</span> <span class='ocrx_word' id='word_1_198' title='bbox 357 879 428 910; x_wconf 78' lang='lat' dir='ltr'>aqua</span> <span class='ocrx_word' id='word_1_199' title='bbox 448 869 570 901; x_wconf 89' lang='lat' dir='ltr'>multum</span> <span class='ocrx_word' id='word_1_200' title='bbox 584 869 686 901; x_wconf 85' lang='lat' dir='ltr'>caloris</span> <span class='ocrx_word' id='word_1_201' title='bbox 703 871 892 902; x_wconf 75' lang='lat' dir='ltr'>contraxiss&#39;ct.</span> <span class='ocrx_word' id='word_1_202' title='bbox 930 873 965 902; x_wconf 85' lang='lat' dir='ltr'>Et</span> <span class='ocrx_word' id='word_1_203' title='bbox 986 871 1103 913; x_wconf 80' lang='lat' dir='ltr'>quidem</span> <span class='ocrx_word' id='word_1_204' title='bbox 1128 872 1177 913; x_wconf 79' lang='lat' dir='ltr'>ubi</span> <span class='ocrx_word' id='word_1_205' title='bbox 1199 875 1324 915; x_wconf 89' lang='lat' dir='ltr'>primum</span> <span class='ocrx_word' id='word_1_206' title='bbox 1349 872 1447 915; x_wconf 80' lang='lat' dir='ltr'>lagena</span> <span class='ocrx_word' id='word_1_207' title='bbox 1466 885 1545 905; x_wconf 79' lang='lat' dir='ltr'>extra</span> 
     </span>
     <span class='ocr_line' id='line_1_19' title="bbox 303 911 1543 958; baseline 0.006 -18"><span class='ocrx_word' id='word_1_208' title='bbox 303 922 403 952; x_wconf 77' lang='lat' dir='ltr'>aquam</span> <span class='ocrx_word' id='word_1_209' title='bbox 420 911 508 955; x_wconf 74' lang='lat' dir='ltr'>posita</span> <span class='ocrx_word' id='word_1_210' title='bbox 523 914 581 949; x_wconf 87' lang='lat' dir='ltr'>est,</span> <span class='ocrx_word' id='word_1_211' title='bbox 600 925 661 945; x_wconf 89' lang='lat' dir='ltr'>tum</span> <span class='ocrx_word' id='word_1_212' title='bbox 682 912 768 944; x_wconf 69' lang='lat' dir='ltr'>bullae</span> <span class='ocrx_word' id='word_1_213' title='bbox 786 917 874 945; x_wconf 82' lang='lat' dir='ltr'>ae&#39;reae</span> <span class='ocrx_word' id='word_1_214' title='bbox 894 926 956 958; x_wconf 76' lang='lat' dir='ltr'>quae</span> <span class='ocrx_word' id='word_1_215' title='bbox 969 917 1046 958; x_wconf 83' lang='lat' dir='ltr'>prius</span> <span class='ocrx_word' id='word_1_216' title='bbox 1060 918 1134 958; x_wconf 81' lang='lat' dir='ltr'>parti</span> <span class='ocrx_word' id='word_1_217' title='bbox 1147 914 1255 945; x_wconf 77' lang='lat' dir='ltr'>infimae</span> <span class='ocrx_word' id='word_1_218' title='bbox 1275 915 1345 947; x_wconf 77' lang='lat' dir='ltr'>vasis</span> <span class='ocrx_word' id='word_1_219' title='bbox 1360 915 1543 947; x_wconf 64' lang='lat' dir='ltr'>adhaerebant</span> 
     </span>
     <span class='ocr_line' id='line_1_20' title="bbox 304 952 619 990; baseline 0.016 -7"><span class='ocrx_word' id='word_1_220' title='bbox 304 952 412 985; x_wconf 76' lang='lat' dir='ltr'>firrsum</span> <span class='ocrx_word' id='word_1_221' title='bbox 437 956 518 987; x_wconf 59' lang='lat' dir='ltr'>elue</span> <span class='ocrx_word' id='word_1_222' title='bbox 542 956 619 990; x_wconf 78' lang='lat' dir='ltr'>sunt.</span> 
     </span>
    </p>

    <p class='ocr_par' dir='ltr' id='par_1_4' title="bbox 299 999 1550 1546">
     <span class='ocr_line' id='line_1_21' title="bbox 346 999 1543 1046; baseline 0.006 -18"><span class='ocrx_word' id='word_1_223' title='bbox 346 1000 398 1027; x_wconf 87' lang='lat' dir='ltr'>Vl</span> <span class='ocrx_word' id='word_1_224' title='bbox 413 1000 435 1029; x_wconf 94' lang='lat'>1.</span> <span class='ocrx_word' id='word_1_225' title='bbox 473 1001 540 1030; x_wconf 87' lang='lat' dir='ltr'>Hoc</span> <span class='ocrx_word' id='word_1_226' title='bbox 565 1003 796 1043; x_wconf 79' lang='lat' dir='ltr'>experimentum</span> <span class='ocrx_word' id='word_1_227' title='bbox 813 999 894 1032; x_wconf 87' lang='lat' dir='ltr'>alteri</span> <span class='ocrx_word' id='word_1_228' title='bbox 915 1000 1093 1032; x_wconf 81' lang='lat' dir='ltr'>occasionem</span> <span class='ocrx_word' id='word_1_229' title='bbox 1120 1001 1261 1045; x_wconf 74' lang='lat' dir='ltr'>praebuit,</span> <span class='ocrx_word' id='word_1_230' title='bbox 1281 1014 1338 1046; x_wconf 90' lang='lat' dir='ltr'>quo</span> <span class='ocrx_word' id='word_1_231' title='bbox 1353 1002 1482 1033; x_wconf 82' lang='lat' dir='ltr'>muscum</span> <span class='ocrx_word' id='word_1_232' title='bbox 1498 1003 1543 1035; x_wconf 84' lang='lat' dir='ltr'>su·</span> 
     </span>
     <span class='ocr_line' id='line_1_22' title="bbox 299 1040 1549 1089; baseline 0.007 -20"><span class='ocrx_word' id='word_1_233' title='bbox 299 1040 426 1082; x_wconf 77' lang='lat' dir='ltr'>perficiei</span> <span class='ocrx_word' id='word_1_234' title='bbox 443 1054 522 1086; x_wconf 70' lang='lat' dir='ltr'>aquae</span> <span class='ocrx_word' id='word_1_235' title='bbox 545 1045 724 1074; x_wconf 76' lang='lat' dir='ltr'>innatantem</span> <span class='ocrx_word' id='word_1_236' title='bbox 747 1047 775 1075; x_wconf 89' lang='lat' dir='ltr'>in</span> <span class='ocrx_word' id='word_1_237' title='bbox 801 1043 893 1075; x_wconf 88' lang='lat' dir='ltr'>fundo</span> <span class='ocrx_word' id='word_1_238' title='bbox 915 1056 993 1087; x_wconf 84' lang='lat' dir='ltr'>aquae</span> <span class='ocrx_word' id='word_1_239' title='bbox 1018 1045 1137 1077; x_wconf 86' lang='lat' dir='ltr'>formari</span> <span class='ocrx_word' id='word_1_240' title='bbox 1162 1049 1304 1089; x_wconf 84' lang='lat' dir='ltr'>comperit</span> <span class='ocrx_word' id='word_1_241' title='bbox 1327 1059 1338 1077; x_wconf 70' lang='grc' dir='ltr'>ι</span> <span class='ocrx_word' id='word_1_242' title='bbox 1359 1057 1424 1075; x_wconf 87' lang='lat' dir='ltr'>nam</span> <span class='ocrx_word' id='word_1_243' title='bbox 1445 1058 1549 1088; x_wconf 85' lang='lat' dir='ltr'>parum·</span> 
     </span>
     <span class='ocr_line' id='line_1_23' title="bbox 303 1083 1542 1132; baseline 0.007 -20"><span class='ocrx_word' id='word_1_244' title='bbox 303 1083 364 1114; x_wconf 89' lang='lat' dir='ltr'>limi</span> <span class='ocrx_word' id='word_1_245' title='bbox 380 1087 408 1114; x_wconf 87' lang='lat' dir='ltr'>in</span> <span class='ocrx_word' id='word_1_246' title='bbox 429 1084 520 1116; x_wconf 69' lang='lat' dir='ltr'>flando</span> <span class='ocrx_word' id='word_1_247' title='bbox 535 1086 619 1128; x_wconf 77' lang='lat' dir='ltr'>hujus</span> <span class='ocrx_word' id='word_1_248' title='bbox 641 1086 746 1129; x_wconf 82' lang='lat' dir='ltr'>lagenae</span> <span class='ocrx_word' id='word_1_249' title='bbox 769 1087 860 1117; x_wconf 84' lang='lat' dir='ltr'>visum</span> <span class='ocrx_word' id='word_1_250' title='bbox 881 1087 1018 1118; x_wconf 73' lang='lat' dir='ltr'>subsidere</span> <span class='ocrx_word' id='word_1_251' title='bbox 1032 1111 1041 1123; x_wconf 88' lang='lat'><em>‚</em></span> <span class='ocrx_word' id='word_1_252' title='bbox 1064 1089 1142 1132; x_wconf 87' lang='lat' dir='ltr'>quod</span> <span class='ocrx_word' id='word_1_253' title='bbox 1162 1088 1235 1120; x_wconf 85' lang='lat' dir='ltr'>forte</span> <span class='ocrx_word' id='word_1_254' title='bbox 1258 1100 1337 1131; x_wconf 81' lang='lat' dir='ltr'>aquae</span> <span class='ocrx_word' id='word_1_255' title='bbox 1357 1089 1460 1131; x_wconf 68' lang='lat' dir='ltr'>pluviat</span> <span class='ocrx_word' id='word_1_256' title='bbox 1476 1101 1542 1121; x_wconf 84' lang='lat' dir='ltr'>cum</span> 
     </span>
     <span class='ocr_line' id='line_1_24' title="bbox 302 1125 1548 1175; baseline 0.007 -19"><span class='ocrx_word' id='word_1_257' title='bbox 302 1125 418 1157; x_wconf 64' lang='lat' dir='ltr'>fontana</span> <span class='ocrx_word' id='word_1_258' title='bbox 438 1128 563 1159; x_wconf 74' lang='lat' dir='ltr'>admista:</span> <span class='ocrx_word' id='word_1_259' title='bbox 583 1129 766 1161; x_wconf 81' lang='lat' dir='ltr'>tribuendum</span> <span class='ocrx_word' id='word_1_260' title='bbox 789 1142 797 1165; x_wconf 74' lang='lat'><em>3</em></span> <span class='ocrx_word' id='word_1_261' title='bbox 819 1141 845 1160; x_wconf 91' lang='lat' dir='ltr'>at</span> <span class='ocrx_word' id='word_1_262' title='bbox 868 1142 902 1161; x_wconf 87' lang='lat' dir='ltr'>ue</span> <span class='ocrx_word' id='word_1_263' title='bbox 931 1131 960 1161; x_wconf 87' lang='lat' dir='ltr'>id</span> <span class='ocrx_word' id='word_1_264' title='bbox 993 1131 1116 1163; x_wconf 77' lang='lat' dir='ltr'>advertit</span> <span class='ocrx_word' id='word_1_265' title='bbox 1141 1132 1281 1175; x_wconf 83' lang='lat' dir='ltr'>plantulas</span> <span class='ocrx_word' id='word_1_266' title='bbox 1304 1133 1388 1163; x_wconf 84' lang='lat' dir='ltr'>instar</span> <span class='ocrx_word' id='word_1_267' title='bbox 1414 1132 1500 1163; x_wconf 82' lang='lat' dir='ltr'>musci</span> <span class='ocrx_word' id='word_1_268' title='bbox 1527 1135 1548 1165; x_wconf 72' lang='grc' dir='ltr'>ὲ</span> 
     </span>
     <span class='ocr_line' id='line_1_25' title="bbox 303 1143 1550 1217; baseline 0.006 -18"><span class='ocrx_word' id='word_1_269' title='bbox 303 1169 394 1200; x_wconf 84' lang='lat' dir='ltr'>fundo</span> <span class='ocrx_word' id='word_1_270' title='bbox 408 1170 514 1213; x_wconf 69' lang='lat' dir='ltr'>lagenae</span> <span class='ocrx_word' id='word_1_271' title='bbox 534 1172 641 1203; x_wconf 87' lang='lat' dir='ltr'>sursum</span> <span class='ocrx_word' id='word_1_272' title='bbox 662 1176 735 1208; x_wconf 88' lang='lat' dir='ltr'>niti,</span> <span class='ocrx_word' id='word_1_273' title='bbox 758 1185 821 1217; x_wconf 82' lang='lat' dir='ltr'>qua:</span> <span class='ocrx_word' id='word_1_274' title='bbox 839 1143 874 1204; x_wconf 71' lang='lat' dir='ltr'>aci)</span> <span class='ocrx_word' id='word_1_275' title='bbox 892 1177 964 1205; x_wconf 68' lang='lat' dir='ltr'>aeris</span> <span class='ocrx_word' id='word_1_276' title='bbox 975 1174 1092 1206; x_wconf 81' lang='lat' dir='ltr'>bullulis</span> <span class='ocrx_word' id='word_1_277' title='bbox 1114 1187 1168 1205; x_wconf 86' lang='lat' dir='ltr'>una</span> <span class='ocrx_word' id='word_1_278' title='bbox 1182 1175 1351 1207; x_wconf 83' lang='lat' dir='ltr'>cc&#39;e&#39;untibus</span> <span class='ocrx_word' id='word_1_279' title='bbox 1373 1173 1550 1208; x_wconf 81' lang='lat' dir='ltr'>ferebantur..</span> 
     </span>
     <span class='ocr_line' id='line_1_26' title="bbox 304 1212 1543 1261; baseline 0.006 -19"><span class='ocrx_word' id='word_1_280' title='bbox 304 1214 360 1243; x_wconf 65' lang='lat' dir='ltr'>Hae</span> <span class='ocrx_word' id='word_1_281' title='bbox 382 1212 498 1245; x_wconf 77' lang='lat' dir='ltr'>bullulae</span> <span class='ocrx_word' id='word_1_282' title='bbox 520 1214 666 1247; x_wconf 82' lang='lat' dir='ltr'>filamenta</span> <span class='ocrx_word' id='word_1_283' title='bbox 687 1220 716 1247; x_wconf 89' lang='lat' dir='ltr'>in</span> <span class='ocrx_word' id='word_1_284' title='bbox 740 1216 831 1248; x_wconf 78' lang='lat' dir='ltr'>fundo</span> <span class='ocrx_word' id='word_1_285' title='bbox 852 1220 1046 1253; x_wconf 78' lang='lat' dir='ltr'>retinuerant,</span> <span class='ocrx_word' id='word_1_286' title='bbox 1071 1218 1118 1249; x_wconf 82' lang='lat' dir='ltr'>scd</span> <span class='ocrx_word' id='word_1_287' title='bbox 1141 1230 1205 1249; x_wconf 89' lang='lat' dir='ltr'>cum</span> <span class='ocrx_word' id='word_1_288' title='bbox 1219 1217 1301 1254; x_wconf 84' lang='lat' dir='ltr'>aliis,</span> <span class='ocrx_word' id='word_1_289' title='bbox 1320 1230 1383 1261; x_wconf 68' lang='lat' dir='ltr'>quse</span> <span class='ocrx_word' id='word_1_290' title='bbox 1405 1222 1478 1249; x_wconf 86' lang='lat' dir='ltr'>circa</span> <span class='ocrx_word' id='word_1_291' title='bbox 1498 1231 1543 1250; x_wconf 82' lang='lat' dir='ltr'>eas</span> 
     </span>
     <span class='ocr_line' id='line_1_27' title="bbox 302 1255 1544 1303; baseline 0.008 -18"><span class='ocrx_word' id='word_1_292' title='bbox 302 1255 445 1298; x_wconf 71' lang='lat' dir='ltr'>plantulas</span> <span class='ocrx_word' id='word_1_293' title='bbox 467 1258 622 1301; x_wconf 83' lang='lat' dir='ltr'>prodibant</span> <span class='ocrx_word' id='word_1_294' title='bbox 642 1260 804 1300; x_wconf 59' lang='lat' dir='ltr'>conjundh:</span> <span class='ocrx_word' id='word_1_295' title='bbox 827 1281 836 1294; x_wconf 87' lang='lat'>‚</span> <span class='ocrx_word' id='word_1_296' title='bbox 869 1259 932 1290; x_wconf 78' lang='lat' dir='ltr'>satis</span> <span class='ocrx_word' id='word_1_297' title='bbox 959 1260 1060 1291; x_wconf 74' lang='lat' dir='ltr'>valida:</span> <span class='ocrx_word' id='word_1_298' title='bbox 1086 1261 1220 1301; x_wconf 74' lang='lat' dir='ltr'>fuerunt,</span> <span class='ocrx_word' id='word_1_299' title='bbox 1244 1273 1306 1303; x_wconf 73' lang='lat' dir='ltr'>qux</span> <span class='ocrx_word' id='word_1_300' title='bbox 1329 1262 1434 1292; x_wconf 78' lang='lat' dir='ltr'>radices</span> <span class='ocrx_word' id='word_1_301' title='bbox 1453 1262 1544 1295; x_wconf 81' lang='lat' dir='ltr'>musci</span> 
     </span>
     <span class='ocr_line' id='line_1_28' title="bbox 302 1298 1543 1346; baseline 0.006 -18"><span class='ocrx_word' id='word_1_302' title='bbox 302 1298 512 1342; x_wconf 63' lang='lat' dir='ltr'>disrumperent</span> <span class='ocrx_word' id='word_1_303' title='bbox 525 1323 536 1336; x_wconf 82' lang='lat'><em>,</em></span> <span class='ocrx_word' id='word_1_304' title='bbox 555 1305 585 1331; x_wconf 91' lang='lat'><strong>&amp;</strong></span> <span class='ocrx_word' id='word_1_305' title='bbox 609 1302 703 1332; x_wconf 87' lang='lat' dir='ltr'>secum</span> <span class='ocrx_word' id='word_1_306' title='bbox 722 1302 758 1332; x_wconf 87' lang='lat' dir='ltr'>ad</span> <span class='ocrx_word' id='word_1_307' title='bbox 780 1301 956 1345; x_wconf 78' lang='lat' dir='ltr'>superficiem</span> <span class='ocrx_word' id='word_1_308' title='bbox 975 1304 1062 1344; x_wconf 85' lang='lat' dir='ltr'>usquc</span> <span class='ocrx_word' id='word_1_309' title='bbox 1076 1303 1247 1345; x_wconf 82' lang='lat' dir='ltr'>abriperent.</span> <span class='ocrx_word' id='word_1_310' title='bbox 1273 1305 1358 1336; x_wconf 86' lang='lat' dir='ltr'>Unde</span> <span class='ocrx_word' id='word_1_311' title='bbox 1374 1315 1444 1346; x_wconf 89' lang='lat' dir='ltr'>aqua</span> <span class='ocrx_word' id='word_1_312' title='bbox 1463 1308 1543 1335; x_wconf 86' lang='lat' dir='ltr'>inca-</span> 
     </span>
     <span class='ocr_line' id='line_1_29' title="bbox 303 1340 1542 1391; baseline 0.007 -21"><span class='ocrx_word' id='word_1_313' title='bbox 303 1340 424 1373; x_wconf 81' lang='lat' dir='ltr'>lescente</span> <span class='ocrx_word' id='word_1_314' title='bbox 445 1346 474 1373; x_wconf 85' lang='lat'>&amp;</span> <span class='ocrx_word' id='word_1_315' title='bbox 498 1344 621 1385; x_wconf 75' lang='lat' dir='ltr'>partibus</span> <span class='ocrx_word' id='word_1_316' title='bbox 641 1348 698 1387; x_wconf 78' lang='lat' dir='ltr'>ejus</span> <span class='ocrx_word' id='word_1_317' title='bbox 725 1345 909 1376; x_wconf 87' lang='lat' dir='ltr'>vehementer</span> <span class='ocrx_word' id='word_1_318' title='bbox 928 1350 1082 1377; x_wconf 81' lang='lat' dir='ltr'>commotis</span> <span class='ocrx_word' id='word_1_319' title='bbox 1105 1372 1112 1384; x_wconf 89' lang='lat'>‚</span> <span class='ocrx_word' id='word_1_320' title='bbox 1134 1350 1208 1377; x_wconf 79' lang='lat' dir='ltr'>a&#39;e&#39;ris</span> <span class='ocrx_word' id='word_1_321' title='bbox 1232 1348 1377 1391; x_wconf 78' lang='lat' dir='ltr'>particulae</span> <span class='ocrx_word' id='word_1_322' title='bbox 1401 1351 1428 1377; x_wconf 88' lang='lat' dir='ltr'>in</span> <span class='ocrx_word' id='word_1_323' title='bbox 1453 1352 1542 1379; x_wconf 65' lang='lat' dir='ltr'>coccis</span> 
     </span>
     <span class='ocr_line' id='line_1_30' title="bbox 303 1383 1549 1434; baseline 0.005 -20"><span class='ocrx_word' id='word_1_324' title='bbox 303 1383 379 1415; x_wconf 78' lang='lat' dir='ltr'>illius</span> <span class='ocrx_word' id='word_1_325' title='bbox 405 1386 545 1417; x_wconf 67' lang='lat' dir='ltr'>meatibus</span> <span class='ocrx_word' id='word_1_326' title='bbox 562 1397 644 1417; x_wconf 85' lang='lat' dir='ltr'>antea</span> <span class='ocrx_word' id='word_1_327' title='bbox 669 1387 807 1418; x_wconf 66' lang='lat' dir='ltr'>conclusae</span> <span class='ocrx_word' id='word_1_328' title='bbox 829 1400 883 1418; x_wconf 80' lang='lat' dir='ltr'>una</span> <span class='ocrx_word' id='word_1_329' title='bbox 901 1391 997 1418; x_wconf 76' lang='lat' dir='ltr'>coi&#39;cre</span> <span class='ocrx_word' id='word_1_330' title='bbox 1017 1392 1047 1419; x_wconf 74' lang='grc' dir='ltr'>ὅ(</span> <span class='ocrx_word' id='word_1_331' title='bbox 1069 1391 1155 1420; x_wconf 69' lang='lat' dir='ltr'>aue‘lae</span> <span class='ocrx_word' id='word_1_332' title='bbox 1180 1389 1251 1421; x_wconf 82' lang='lat' dir='ltr'>sunt.</span> <span class='ocrx_word' id='word_1_333' title='bbox 1273 1391 1351 1422; x_wconf 83' lang='lat' dir='ltr'>Cum</span> <span class='ocrx_word' id='word_1_334' title='bbox 1367 1401 1458 1421; x_wconf 77' lang='lat' dir='ltr'>autem</span> <span class='ocrx_word' id='word_1_335' title='bbox 1479 1403 1549 1434; x_wconf 61' lang='lat' dir='ltr'>pars.</span> 
     </span>
     <span class='ocr_line' id='line_1_31' title="bbox 303 1427 1542 1476; baseline 0.006 -19"><span class='ocrx_word' id='word_1_336' title='bbox 303 1427 372 1458; x_wconf 69' lang='lat' dir='ltr'>valis</span> <span class='ocrx_word' id='word_1_337' title='bbox 395 1427 494 1459; x_wconf 80' lang='lat' dir='ltr'>infima</span> <span class='ocrx_word' id='word_1_338' title='bbox 516 1429 578 1461; x_wconf 84' lang='lat' dir='ltr'>satis</span> <span class='ocrx_word' id='word_1_339' title='bbox 601 1429 718 1461; x_wconf 83' lang='lat' dir='ltr'>incaluit</span> <span class='ocrx_word' id='word_1_340' title='bbox 738 1441 768 1461; x_wconf 87' lang='lat' dir='ltr'>ut</span> <span class='ocrx_word' id='word_1_341' title='bbox 782 1429 867 1462; x_wconf 77' lang='lat' dir='ltr'>bullae</span> <span class='ocrx_word' id='word_1_342' title='bbox 886 1430 1040 1462; x_wconf 84' lang='lat' dir='ltr'>dilatentur</span> <span class='ocrx_word' id='word_1_343' title='bbox 1053 1454 1061 1467; x_wconf 90' lang='lat'><em>‚</em></span> <span class='ocrx_word' id='word_1_344' title='bbox 1083 1444 1143 1463; x_wconf 83' lang='lat' dir='ltr'>tum</span> <span class='ocrx_word' id='word_1_345' title='bbox 1164 1444 1202 1462; x_wconf 64' lang='grc' dir='ltr'>επ</span> <span class='ocrx_word' id='word_1_346' title='bbox 1219 1432 1324 1464; x_wconf 82' lang='lat' dir='ltr'>sursum</span> <span class='ocrx_word' id='word_1_347' title='bbox 1347 1438 1542 1476; x_wconf 80' lang='lat' dir='ltr'>emergunt&amp;</span> 
     </span>
     <span class='ocr_line' id='line_1_32' title="bbox 303 1470 1542 1520; baseline 0.007 -20"><span class='ocrx_word' id='word_1_348' title='bbox 303 1470 381 1502; x_wconf 88' lang='lat' dir='ltr'>mole</span> <span class='ocrx_word' id='word_1_349' title='bbox 403 1470 475 1503; x_wconf 82' lang='lat' dir='ltr'>fiunt</span> <span class='ocrx_word' id='word_1_350' title='bbox 494 1477 618 1515; x_wconf 80' lang='lat' dir='ltr'>rmjores</span> <span class='ocrx_word' id='word_1_351' title='bbox 631 1496 641 1509; x_wconf 92' lang='lat'><em>‚</em></span> <span class='ocrx_word' id='word_1_352' title='bbox 664 1473 752 1516; x_wconf 70' lang='lat' dir='ltr'>quam</span> <span class='ocrx_word' id='word_1_353' title='bbox 772 1484 802 1504; x_wconf 90' lang='lat' dir='ltr'>ut</span> <span class='ocrx_word' id='word_1_354' title='bbox 815 1478 956 1518; x_wconf 80' lang='lat' dir='ltr'>prementi</span> <span class='ocrx_word' id='word_1_355' title='bbox 972 1485 1050 1517; x_wconf 77' lang='lat' dir='ltr'>aqua:</span> <span class='ocrx_word' id='word_1_356' title='bbox 1068 1474 1191 1507; x_wconf 79' lang='lat' dir='ltr'>resistant</span> <span class='ocrx_word' id='word_1_357' title='bbox 1208 1489 1215 1507; x_wconf 79' lang='lat' dir='ltr'><strong><em>z</em></strong></span> <span class='ocrx_word' id='word_1_358' title='bbox 1230 1479 1324 1519; x_wconf 84' lang='lat' dir='ltr'>itaque</span> <span class='ocrx_word' id='word_1_359' title='bbox 1344 1476 1424 1520; x_wconf 82' lang='lat' dir='ltr'>super</span> <span class='ocrx_word' id='word_1_360' title='bbox 1438 1488 1542 1519; x_wconf 82' lang='lat' dir='ltr'>aquam</span> 
     </span>
     <span class='ocr_line' id='line_1_33' title="bbox 303 1514 471 1546; baseline 0.012 -2"><span class='ocrx_word' id='word_1_361' title='bbox 303 1514 471 1546; x_wconf 66' lang='lat' dir='ltr'>efferuntur.</span> 
     </span>
    </p>

    <p class='ocr_par' dir='ltr' id='par_1_5' title="bbox 301 1559 1546 1908">
     <span class='ocr_line' id='line_1_34' title="bbox 350 1559 1540 1606; baseline 0.007 -19"><span class='ocrx_word' id='word_1_362' title='bbox 350 1562 375 1588; x_wconf 91' lang='lat' dir='ltr'>V</span> <span class='ocrx_word' id='word_1_363' title='bbox 389 1561 399 1588; x_wconf 93' lang='lat'><em>1</em></span> <span class='ocrx_word' id='word_1_364' title='bbox 413 1560 423 1587; x_wconf 89' lang='lat'><em>1</em></span> <span class='ocrx_word' id='word_1_365' title='bbox 437 1560 460 1588; x_wconf 89' lang='lat'>1.</span> <span class='ocrx_word' id='word_1_366' title='bbox 497 1559 575 1589; x_wconf 91' lang='lat' dir='ltr'>Cum</span> <span class='ocrx_word' id='word_1_367' title='bbox 592 1560 632 1590; x_wconf 89' lang='lat' dir='ltr'>D.</span> <span class='ocrx_word' id='word_1_368' title='bbox 657 1561 695 1590; x_wconf 91' lang='lat' dir='ltr'>Le</span> <span class='ocrx_word' id='word_1_369' title='bbox 715 1562 795 1591; x_wconf 88' lang='lat' dir='ltr'>Brun</span> <span class='ocrx_word' id='word_1_370' title='bbox 812 1564 885 1592; x_wconf 81' lang='lat' dir='ltr'>inter</span> <span class='ocrx_word' id='word_1_371' title='bbox 905 1562 1028 1604; x_wconf 61' lang='lat' dir='ltr'>pic‘korcs</span> <span class='ocrx_word' id='word_1_372' title='bbox 1042 1561 1141 1592; x_wconf 80' lang='lat' dir='ltr'>nostrae</span> <span class='ocrx_word' id='word_1_373' title='bbox 1159 1564 1246 1594; x_wconf 70' lang='lat' dir='ltr'>aeratis</span> <span class='ocrx_word' id='word_1_374' title='bbox 1261 1562 1430 1606; x_wconf 81' lang='lat' dir='ltr'>percelebris</span> <span class='ocrx_word' id='word_1_375' title='bbox 1444 1563 1540 1595; x_wconf 87' lang='lat' dir='ltr'>mense</span> 
     </span>
     <span class='ocr_line' id='line_1_35' title="bbox 301 1600 1546 1652; baseline 0.005 -22"><span class='ocrx_word' id='word_1_376' title='bbox 301 1600 458 1631; x_wconf 65' lang='lat' dir='ltr'>Februario</span> <span class='ocrx_word' id='word_1_377' title='bbox 478 1601 611 1638; x_wconf 75' lang='lat' dir='ltr'>obiisset,</span> <span class='ocrx_word' id='word_1_378' title='bbox 633 1604 674 1632; x_wconf 89' lang='lat' dir='ltr'>D.</span> <span class='ocrx_word' id='word_1_379' title='bbox 692 1604 740 1634; x_wconf 92' lang='lat' dir='ltr'>Du</span> <span class='ocrx_word' id='word_1_380' title='bbox 758 1607 872 1645; x_wconf 72' lang='lat' dir='ltr'>Verney</span> <span class='ocrx_word' id='word_1_381' title='bbox 896 1616 993 1647; x_wconf 84' lang='lat' dir='ltr'>aperto</span> <span class='ocrx_word' id='word_1_382' title='bbox 1019 1609 1079 1646; x_wconf 80' lang='lat' dir='ltr'>ejus</span> <span class='ocrx_word' id='word_1_383' title='bbox 1097 1605 1232 1636; x_wconf 82' lang='lat' dir='ltr'>cadavere</span> <span class='ocrx_word' id='word_1_384' title='bbox 1247 1607 1387 1652; x_wconf 50' lang='lat' dir='ltr'>gyrsticum</span> <span class='ocrx_word' id='word_1_385' title='bbox 1412 1607 1546 1638; x_wconf 78' lang='lat' dir='ltr'>canalem.</span> 
     </span>
     <span class='ocr_line' id='line_1_36' title="bbox 304 1642 1541 1692; baseline 0.008 -20"><span class='ocrx_word' id='word_1_386' title='bbox 304 1642 447 1686; x_wconf 73' lang='lat' dir='ltr'>lapidibus</span> <span class='ocrx_word' id='word_1_387' title='bbox 479 1644 594 1687; x_wconf 84' lang='lat' dir='ltr'>plenum</span> <span class='ocrx_word' id='word_1_388' title='bbox 620 1649 650 1676; x_wconf 69' lang='grc' dir='ltr'>ὃ(</span> <span class='ocrx_word' id='word_1_389' title='bbox 682 1647 748 1677; x_wconf 83' lang='lat' dir='ltr'>vasa</span> <span class='ocrx_word' id='word_1_390' title='bbox 769 1647 892 1679; x_wconf 78' lang='lat' dir='ltr'>multum</span> <span class='ocrx_word' id='word_1_391' title='bbox 914 1647 1030 1679; x_wconf 78' lang='lat' dir='ltr'>dilatata</span> <span class='ocrx_word' id='word_1_392' title='bbox 1053 1651 1155 1690; x_wconf 81' lang='lat' dir='ltr'>repetit</span> <span class='ocrx_word' id='word_1_393' title='bbox 1179 1662 1185 1680; x_wconf 73' lang='grc' dir='ltr'><strong><em>ι</em></strong></span> <span class='ocrx_word' id='word_1_394' title='bbox 1212 1660 1329 1692; x_wconf 85' lang='lat' dir='ltr'>tumque</span> <span class='ocrx_word' id='word_1_395' title='bbox 1360 1652 1400 1682; x_wconf 90' lang='lat' dir='ltr'>D.</span> <span class='ocrx_word' id='word_1_396' title='bbox 1426 1651 1541 1682; x_wconf 83' lang='lat' dir='ltr'>Dodarr</span> 
     </span>
     <span class='ocr_line' id='line_1_37' title="bbox 304 1686 1539 1736; baseline 0.006 -21"><span class='ocrx_word' id='word_1_397' title='bbox 304 1686 376 1716; x_wconf 86' lang='lat' dir='ltr'>illud</span> <span class='ocrx_word' id='word_1_398' title='bbox 400 1686 520 1717; x_wconf 77' lang='lat' dir='ltr'>advertit</span> <span class='ocrx_word' id='word_1_399' title='bbox 542 1699 589 1717; x_wconf 84' lang='lat' dir='ltr'>eos</span> <span class='ocrx_word' id='word_1_400' title='bbox 608 1693 656 1731; x_wconf 83' lang='lat' dir='ltr'>qui</span> <span class='ocrx_word' id='word_1_401' title='bbox 677 1701 710 1719; x_wconf 86' lang='lat' dir='ltr'>ex</span> <span class='ocrx_word' id='word_1_402' title='bbox 728 1691 821 1720; x_wconf 64' lang='lat' dir='ltr'>Istero</span> <span class='ocrx_word' id='word_1_403' title='bbox 836 1694 997 1722; x_wconf 73' lang='lat' dir='ltr'>moriuntur</span> <span class='ocrx_word' id='word_1_404' title='bbox 1013 1714 1023 1726; x_wconf 89' lang='lat'>‚</span> <span class='ocrx_word' id='word_1_405' title='bbox 1043 1695 1145 1731; x_wconf 84' lang='lat' dir='ltr'>majori</span> <span class='ocrx_word' id='word_1_406' title='bbox 1165 1703 1198 1722; x_wconf 84' lang='lat' dir='ltr'>ex</span> <span class='ocrx_word' id='word_1_407' title='bbox 1216 1703 1294 1735; x_wconf 81' lang='lat' dir='ltr'>parte</span> <span class='ocrx_word' id='word_1_408' title='bbox 1318 1693 1461 1736; x_wconf 76' lang='lat' dir='ltr'>profluvio</span> <span class='ocrx_word' id='word_1_409' title='bbox 1482 1693 1539 1724; x_wconf 77' lang='lat' dir='ltr'>san-</span> 
     </span>
     <span class='ocr_line' id='line_1_38' title="bbox 302 1731 1540 1778; baseline 0.007 -20"><span class='ocrx_word' id='word_1_410' title='bbox 302 1731 396 1770; x_wconf 74' lang='lat' dir='ltr'>guinis</span> <span class='ocrx_word' id='word_1_411' title='bbox 425 1733 573 1771; x_wconf 69' lang='lat' dir='ltr'>extingui,</span> <span class='ocrx_word' id='word_1_412' title='bbox 600 1732 681 1773; x_wconf 88' lang='lat' dir='ltr'>quod</span> <span class='ocrx_word' id='word_1_413' title='bbox 700 1745 756 1776; x_wconf 72' lang='lat' dir='ltr'>pra:</span> <span class='ocrx_word' id='word_1_414' title='bbox 777 1733 834 1764; x_wconf 86' lang='lat' dir='ltr'>bile</span> <span class='ocrx_word' id='word_1_415' title='bbox 853 1733 940 1764; x_wconf 83' lang='lat' dir='ltr'>effusa</span> <span class='ocrx_word' id='word_1_416' title='bbox 957 1733 1066 1777; x_wconf 73' lang='lat' dir='ltr'>sanguis</span> <span class='ocrx_word' id='word_1_417' title='bbox 1088 1733 1136 1765; x_wconf 80' lang='lat' dir='ltr'>fiat</span> <span class='ocrx_word' id='word_1_418' title='bbox 1160 1734 1232 1765; x_wconf 76' lang='lat' dir='ltr'>ultr-².</span> <span class='ocrx_word' id='word_1_419' title='bbox 1254 1746 1338 1776; x_wconf 87' lang='lat' dir='ltr'>quam</span> <span class='ocrx_word' id='word_1_420' title='bbox 1354 1736 1448 1778; x_wconf 82' lang='lat' dir='ltr'>parsit</span> <span class='ocrx_word' id='word_1_421' title='bbox 1470 1735 1540 1767; x_wconf 79' lang='lat' dir='ltr'>flui-</span> 
     </span>
     <span class='ocr_line' id='line_1_39' title="bbox 302 1772 1539 1821; baseline 0.007 -20"><span class='ocrx_word' id='word_1_422' title='bbox 302 1772 364 1802; x_wconf 81' lang='lat' dir='ltr'>dus.</span> <span class='ocrx_word' id='word_1_423' title='bbox 394 1774 453 1814; x_wconf 70' lang='lat' dir='ltr'>Ego</span> <span class='ocrx_word' id='word_1_424' title='bbox 473 1773 532 1815; x_wconf 73' lang='lat' dir='ltr'>ipse</span> <span class='ocrx_word' id='word_1_425' title='bbox 553 1785 614 1804; x_wconf 82' lang='lat' dir='ltr'>tum</span> <span class='ocrx_word' id='word_1_426' title='bbox 631 1779 742 1807; x_wconf 83' lang='lat' dir='ltr'>narravi</span> <span class='ocrx_word' id='word_1_427' title='bbox 764 1777 845 1819; x_wconf 87' lang='lat' dir='ltr'>quod</span> <span class='ocrx_word' id='word_1_428' title='bbox 867 1789 954 1821; x_wconf 88' lang='lat' dir='ltr'>nuper</span> <span class='ocrx_word' id='word_1_429' title='bbox 978 1778 1105 1808; x_wconf 73' lang='lat' dir='ltr'>videram</span> <span class='ocrx_word' id='word_1_430' title='bbox 1119 1800 1127 1813; x_wconf 92' lang='lat'><em>,</em></span> <span class='ocrx_word' id='word_1_431' title='bbox 1151 1778 1280 1810; x_wconf 72' lang='lat' dir='ltr'>Nulliaci</span> <span class='ocrx_word' id='word_1_432' title='bbox 1306 1789 1388 1809; x_wconf 82' lang='lat' dir='ltr'>tertia</span> <span class='ocrx_word' id='word_1_433' title='bbox 1411 1779 1446 1810; x_wconf 88' lang='lat' dir='ltr'>ab</span> <span class='ocrx_word' id='word_1_434' title='bbox 1470 1779 1539 1811; x_wconf 83' lang='lat' dir='ltr'>uibe</span> 
     </span>
     <span class='ocr_line' id='line_1_40' title="bbox 303 1814 1539 1862; baseline 0.006 -18"><span class='ocrx_word' id='word_1_435' title='bbox 303 1814 401 1850; x_wconf 81' lang='lat' dir='ltr'>leuca,</span> <span class='ocrx_word' id='word_1_436' title='bbox 426 1818 572 1846; x_wconf 79' lang='lat' dir='ltr'>hominem</span> <span class='ocrx_word' id='word_1_437' title='bbox 587 1818 715 1861; x_wconf 80' lang='lat' dir='ltr'>hydrope</span> <span class='ocrx_word' id='word_1_438' title='bbox 737 1823 919 1851; x_wconf 85' lang='lat' dir='ltr'>vehementer</span> <span class='ocrx_word' id='word_1_439' title='bbox 936 1820 1113 1851; x_wconf 81' lang='lat' dir='ltr'>laborantem</span> <span class='ocrx_word' id='word_1_440' title='bbox 1138 1843 1148 1856; x_wconf 93' lang='lat'>,</span> <span class='ocrx_word' id='word_1_441' title='bbox 1178 1832 1264 1862; x_wconf 69' lang='lat' dir='ltr'>quim</span> <span class='ocrx_word' id='word_1_442' title='bbox 1287 1821 1409 1852; x_wconf 74' lang='lat' dir='ltr'>muitum</span> <span class='ocrx_word' id='word_1_443' title='bbox 1434 1822 1539 1854; x_wconf 81' lang='lat' dir='ltr'>levavit</span> 
     </span>
     <span class='ocr_line' id='line_1_41' title="bbox 305 1858 1536 1908; baseline 0.007 -21"><span class='ocrx_word' id='word_1_444' title='bbox 305 1860 387 1888; x_wconf 86' lang='lat' dir='ltr'>Zona</span> <span class='ocrx_word' id='word_1_445' title='bbox 408 1858 494 1889; x_wconf 83' lang='lat' dir='ltr'>lintea</span> <span class='ocrx_word' id='word_1_446' title='bbox 518 1859 571 1889; x_wconf 57' lang='lat' dir='ltr'>sale</span> <span class='ocrx_word' id='word_1_447' title='bbox 585 1860 656 1891; x_wconf 85' lang='lat' dir='ltr'>bene</span> <span class='ocrx_word' id='word_1_448' title='bbox 677 1861 814 1894; x_wconf 75' lang='lat' dir='ltr'>cxliccato</span> <span class='ocrx_word' id='word_1_449' title='bbox 837 1866 866 1894; x_wconf 71' lang='grc' dir='ltr'>ὅ(</span> <span class='ocrx_word' id='word_1_450' title='bbox 880 1863 999 1895; x_wconf 85' lang='lat' dir='ltr'>contuso</span> <span class='ocrx_word' id='word_1_451' title='bbox 1018 1864 1144 1907; x_wconf 80' lang='lat' dir='ltr'>repleta,</span> <span class='ocrx_word' id='word_1_452' title='bbox 1163 1867 1235 1894; x_wconf 88' lang='lat' dir='ltr'>circa</span> <span class='ocrx_word' id='word_1_453' title='bbox 1255 1863 1369 1894; x_wconf 86' lang='lat' dir='ltr'>lumbos</span> <span class='ocrx_word' id='word_1_454' title='bbox 1392 1866 1536 1908; x_wconf 73' lang='lat' dir='ltr'>appositi:</span> 
     </span>
    </p>
   </div>
   <div class='ocr_carea' id='block_1_2' title="bbox 301 1902 1538 1988">
    <p class='ocr_par' dir='ltr' id='par_1_6' title="bbox 301 1902 1538 1988">
     <span class='ocr_line' id='line_1_42' title="bbox 305 1902 1538 1950; baseline 0.006 -18"><span class='ocrx_word' id='word_1_455' title='bbox 305 1904 331 1932; x_wconf 84' lang='lat' dir='ltr'>ls</span> <span class='ocrx_word' id='word_1_456' title='bbox 348 1913 397 1944; x_wconf 83' lang='lat' dir='ltr'>per</span> <span class='ocrx_word' id='word_1_457' title='bbox 417 1902 564 1933; x_wconf 83' lang='lat' dir='ltr'>biennium</span> <span class='ocrx_word' id='word_1_458' title='bbox 589 1903 682 1935; x_wconf 86' lang='lat' dir='ltr'>adhuc</span> <span class='ocrx_word' id='word_1_459' title='bbox 706 1909 793 1938; x_wconf 81' lang='lat' dir='ltr'>viram</span> <span class='ocrx_word' id='word_1_460' title='bbox 813 1911 953 1950; x_wconf 75' lang='lat' dir='ltr'>protraxit</span> <span class='ocrx_word' id='word_1_461' title='bbox 968 1929 978 1942; x_wconf 95' lang='lat'>,</span> <span class='ocrx_word' id='word_1_462' title='bbox 1000 1918 1067 1938; x_wconf 90' lang='lat' dir='ltr'>cum</span> <span class='ocrx_word' id='word_1_463' title='bbox 1088 1918 1170 1939; x_wconf 82' lang='lat' dir='ltr'>antea</span> <span class='ocrx_word' id='word_1_464' title='bbox 1188 1918 1221 1937; x_wconf 87' lang='lat' dir='ltr'>ex</span> <span class='ocrx_word' id='word_1_465' title='bbox 1245 1918 1355 1938; x_wconf 86' lang='lat' dir='ltr'>tumore</span> <span class='ocrx_word' id='word_1_466' title='bbox 1373 1909 1538 1941; x_wconf 65' lang='lat' dir='ltr'>abdeminis</span> 
     </span>
     <span class='ocr_line' id='line_1_43' title="bbox 301 1946 732 1988; baseline 0.009 -13"><span class='ocrx_word' id='word_1_467' title='bbox 301 1955 375 1988; x_wconf 84' lang='lat' dir='ltr'>pene</span> <span class='ocrx_word' id='word_1_468' title='bbox 399 1947 553 1976; x_wconf 79' lang='lat' dir='ltr'>moriturus</span> <span class='ocrx_word' id='word_1_469' title='bbox 579 1946 732 1979; x_wconf 88' lang='lat' dir='ltr'>videretur.</span> 
     </span>
    </p>
   </div>
   <div class='ocr_carea' id='block_1_3' title="bbox 300 1988 1537 2210">
    <p class='ocr_par' dir='ltr' id='par_1_7' title="bbox 300 1988 1536 2112">
     <span class='ocr_line' id='line_1_44' title="bbox 343 1988 1536 2032; baseline 0.008 -15"><span class='ocrx_word' id='word_1_470' title='bbox 343 1989 405 2018; x_wconf 91' lang='lat' dir='ltr'>IX.</span> <span class='ocrx_word' id='word_1_471' title='bbox 442 1988 516 2019; x_wconf 84' lang='lat' dir='ltr'>Illud</span> <span class='ocrx_word' id='word_1_472' title='bbox 539 1999 652 2032; x_wconf 87' lang='lat' dir='ltr'>quoque</span> <span class='ocrx_word' id='word_1_473' title='bbox 679 1991 752 2021; x_wconf 85' lang='lat' dir='ltr'>mihi</span> <span class='ocrx_word' id='word_1_474' title='bbox 773 2003 914 2023; x_wconf 82' lang='lat' dir='ltr'>narratum</span> <span class='ocrx_word' id='word_1_475' title='bbox 937 1992 989 2023; x_wconf 86' lang='lat' dir='ltr'>fuit</span> <span class='ocrx_word' id='word_1_476' title='bbox 1016 1993 1087 2024; x_wconf 86' lang='lat' dir='ltr'>duos</span> <span class='ocrx_word' id='word_1_477' title='bbox 1115 1994 1244 2025; x_wconf 83' lang='lat' dir='ltr'>homines</span> <span class='ocrx_word' id='word_1_478' title='bbox 1267 1995 1382 2026; x_wconf 74' lang='lat' dir='ltr'>rusticos</span> <span class='ocrx_word' id='word_1_479' title='bbox 1404 1999 1434 2026; x_wconf 61' lang='grc' dir='ltr'>δε</span> <span class='ocrx_word' id='word_1_480' title='bbox 1458 2006 1536 2026; x_wconf 77' lang='lat' dir='ltr'>:crate</span> 
     </span>
     <span class='ocr_line' id='line_1_45' title="bbox 301 2032 1533 2082; baseline 0.005 -21"><span class='ocrx_word' id='word_1_481' title='bbox 301 2032 453 2073; x_wconf 66' lang='lat' dir='ltr'>proveClms</span> <span class='ocrx_word' id='word_1_482' title='bbox 472 2043 507 2062; x_wconf 89' lang='lat' dir='ltr'>ex</span> <span class='ocrx_word' id='word_1_483' title='bbox 527 2033 657 2076; x_wconf 82' lang='lat' dir='ltr'>hydrope</span> <span class='ocrx_word' id='word_1_484' title='bbox 679 2034 851 2066; x_wconf 69' lang='lat' dir='ltr'>convaluiffc</span> <span class='ocrx_word' id='word_1_485' title='bbox 863 2059 873 2070; x_wconf 94' lang='lat'><em>,</em></span> <span class='ocrx_word' id='word_1_486' title='bbox 896 2035 1044 2079; x_wconf 69' lang='lat' dir='ltr'>postquam</span> <span class='ocrx_word' id='word_1_487' title='bbox 1067 2037 1092 2068; x_wconf 88' lang='lat' dir='ltr'>se</span> <span class='ocrx_word' id='word_1_488' title='bbox 1111 2036 1135 2067; x_wconf 86' lang='lat' dir='ltr'>sc</span> <span class='ocrx_word' id='word_1_489' title='bbox 1151 2041 1180 2067; x_wconf 88' lang='lat' dir='ltr'>in</span> <span class='ocrx_word' id='word_1_490' title='bbox 1194 2036 1342 2068; x_wconf 81' lang='lat' dir='ltr'>clibanum</span> <span class='ocrx_word' id='word_1_491' title='bbox 1355 2039 1415 2082; x_wconf 83' lang='lat' dir='ltr'>post</span> <span class='ocrx_word' id='word_1_492' title='bbox 1430 2050 1533 2082; x_wconf 62' lang='lat' dir='ltr'>panen-=</span> 
     </span>
     <span class='ocr_line' id='line_1_46' title="bbox 300 2074 668 2112; baseline 0.014 -8"><span class='ocrx_word' id='word_1_493' title='bbox 300 2077 457 2106; x_wconf 47' lang='lat' dir='ltr'>extracffum</span> <span class='ocrx_word' id='word_1_494' title='bbox 484 2074 668 2112; x_wconf 62' lang='lat' dir='ltr'>immisiil&#39;cnt,</span> 
     </span>
    </p>

    <p class='ocr_par' dir='ltr' id='par_1_8' title="bbox 353 2117 1533 2166">
     <span class='ocr_line' id='line_1_47' title="bbox 353 2117 1533 2166; baseline 0.003 -18"><span class='ocrx_word' id='word_1_495' title='bbox 353 2117 400 2148; x_wconf 88' lang='lat' dir='ltr'>Ne</span> <span class='ocrx_word' id='word_1_496' title='bbox 426 2119 455 2151; x_wconf 79' lang='lat' dir='ltr'>ld</span> <span class='ocrx_word' id='word_1_497' title='bbox 491 2118 609 2162; x_wconf 83' lang='lat' dir='ltr'>quidem</span> <span class='ocrx_word' id='word_1_498' title='bbox 646 2121 877 2165; x_wconf 65' lang='lat' dir='ltr'>praetercundum</span> <span class='ocrx_word' id='word_1_499' title='bbox 902 2122 1032 2155; x_wconf 78' lang='lat' dir='ltr'>existimo</span> <span class='ocrx_word' id='word_1_500' title='bbox 1060 2123 1077 2155; x_wconf 77' lang='grc' dir='ltr'><strong>ὲ</strong></span> <span class='ocrx_word' id='word_1_501' title='bbox 1101 2124 1142 2156; x_wconf 96' lang='lat' dir='ltr'>D.</span> <span class='ocrx_word' id='word_1_502' title='bbox 1172 2125 1225 2166; x_wconf 74' lang='lat' dir='ltr'>Du</span> <span class='ocrx_word' id='word_1_503' title='bbox 1258 2127 1372 2166; x_wconf 80' lang='lat' dir='ltr'>Verney</span> <span class='ocrx_word' id='word_1_504' title='bbox 1404 2122 1533 2154; x_wconf 46' lang='lat' dir='ltr'>testum</span> 
     </span>
    </p>

    <p class='ocr_par' dir='ltr' id='par_1_9' title="bbox 1433 2178 1537 2210">
     <span class='ocr_line' id='line_1_48' title="bbox 1433 2178 1537 2210; baseline 0.01 -14"><span class='ocrx_word' id='word_1_505' title='bbox 1433 2178 1537 2210; x_wconf 63' lang='lat' dir='ltr'>aqunn</span> 
     </span>
    </p>
   </div>
  </div>
 </body>
</html>
