1638 2345
280 114 578 148 ACADEMIAE
611 111 1006 147 HISTORIA.L18.
1038 112 1110 143 111.
1243 122 1290 150 23¹

65 161 100 196 lis
121 185 130 197 ,
164 163 195 193 &
213 159 312 192 'coluri
343 172 393 204 per
418 164 477 202 ejus
511 159 598 189 Polos
620 161 751 203 proprios
769 181 779 194 ,
804 162 834 190 &
866 155 1010 198 Eclipticae
1034 154 1120 185 Polos
1145 154 1291 185 transeun-
1309 156 1408 197 Astm-

64 209 123 236 tis:
141 204 216 235 unde
237 204 344 235 censuit
372 205 491 234 eandem
508 200 561 232 effe
580 214 643 245 qua:
665 202 759 232 mense
778 203 861 232 Maio
883 201 942 231 visa
966 197 1041 228 fuit:
1066 206 1127 228 eam
1146 197 1218 228 vero
1231 210 1292 240 quae
1309 211 1375 231 nom.

65 252 184 291 propior
205 259 262 278 erar
287 249 409 288 margini
426 257 531 278 novam
553 246 607 276 esl‘e
637 257 693 289 quq
713 245 727 275 ὲ
750 246 826 276 Solis
843 245 922 275 disco
944 239 1058 272 excessit
1075 242 1159 272 noete
1175 241 1293 282 sequen-

64 302 93 322 te
110 293 187 322 diem
204 293 278 322 Maii
300 302 347 329 ιι,
371 290 466 320 relista
482 289 541 332 post
556 288 581 318 se
599 300 688 320 veteri
700 289 811 319 macula
821 299 883 332 quat
899 286 956 317 sola
972 283 1121 316 videbatur
1133 284 1178 315 die
1199 295 1228 324 13
1244 285 1295 327 ju-

64 337 126 374 nii3
147 334 252 377 egress‘a
268 334 342 365 Solis
362 332 484 363 limbum
509 331 554 363 die
580 343 626 369 14.

102 381 127 408 V
141 380 164 408 Ι.
190 380 303 408 Omnes
327 377 492 406 Academici
516 378 545 405 in
573 374 815 406 Obseruatorium
837 383 998 403 convenere
1020 371 1065 402 die
1086 382 1119 402 12
1138 370 1211 414 Julii
1237 372 1292 401 So-

64 419 100 450 lis
118 420 250 463 Eclipsim
271 432 303 450 co
327 419 372 450 die
393 418 518 449 futuram
537 418 756 461 contemplaturi
773 441 783 454 ‚
803 416 904 447 Phases
929 415 1004 446 Solis
1022 414 1162 445 obscurati
1188 426 1294 457 magno

63 464 156 494 studio
171 467 200 494 &
226 475 290 494 cura
308 461 505 492 suntdcfinitae
523 463 708 492 Mictometti
729 473 785 505 ope
805 463 941 492 :initium
962 457 1080 501 Eclipsis
1105 458 1294 488 animadverti

64 517 123 537 non
150 510 241 549 potuit
263 516 377 550 propter
402 505 489 535 nubes
509 504 706 547 interpositas3
723 505 769 536 sed
795 515 828 534 ex
846 506 879 534 iis
899 513 962 545 quae
983 501 1128 538 substerne
1155 501 1217 531 sunt
1239 500 1296 531 ob-

65 549 270 580 servationibus
293 548 376 579 facile
393 548 422 579 id
439 547 603 578 conclusum
623 547 676 578 fuit
692 562 698 580 ς
714 548 787 579 adeo
803 558 833 577 ut
848 545 944 578 nullus
958 558 989 576 ea
1007 546 1042 576 de
1065 556 1094 575 re
1115 543 1146 575 sit
1164 544 1297 576 dubitan-

65 592 97 623 di
122 593 212 623 locus.

105 635 332 666 Observationes
357 634 415 665 suas
438 633 541 678 scripto
561 634 689 677 exposuit
718 636 759 666 D.
788 634 835 663 De
856 632 882 662 la
904 634 986 662 Hire.
1010 634 1130 662 Initium
1157 631 1210 662 fuit
1236 632 1298 675 post

67 678 226 710 Meridiem
245 678 314 708 hora
338 677 458 708 secunda
484 689 518 718 ²5
541 680 611 708 min.
639 689 678 718 24
703 677 754 707 sec.
782 678 913 707 Maxima
939 674 1099 705 obscuratio
1121 674 1180 717 dig.
1205 687 1235 714 7.
1263 686 1297 715 50

63 725 135 752 min.
153 733 176 761 3.
198 723 269 752 hora
291 727 324 760 36
346 724 417 751 min.
445 732 482 760 27
508 720 560 750 sec.
583 718 648 750 finis
668 722 739 751 hora
761 732 792 758 4.
807 731 842 759 43
860 721 930 748 min.
958 731 995 756 27
1021 717 1134 748 secund.

99 764 326 796 Observationes
340 763 355 793 ὲ
393 765 425 793 P.
448 767 592 804 Fontenay
621 763 754 799 Parisiis,
775 764 789 794 ὁ.
820 764 860 792 D.
878 763 928 792 Du
950 761 1022 792 Glos
1043 762 1072 791 in
1092 772 1178 804 portu
1195 762 1296 800 Gratiq

64 819 95 839 v.
120 810 221 839 Havre
234 807 266 837 de
282 808 366 836 Gracc
390 805 470 837 fserae
488 818 553 837 cum
578 808 620 836 his
637 806 885 837 observationibus
906 805 1034 848 apprime
1057 815 1264 834 convenerunt.

98 853 148 882 VI
162 853 185 882 1.
209 853 267 882 Die
283 861 306 890 5.
324 851 441 892 Augusti
464 850 504 879 D.
531 848 639 881 Cassini
658 862 719 893 qua:
743 848 795 880 fint
816 852 890 880 inrer
908 849 1018 891 aliquot
1041 847 1223 878 Meridianos
1242 847 1298 878 dif-

66 893 192 925 ferentiae
214 906 248 925 ex
273 897 306 923 iis
328 904 390 935 quae
411 893 444 924 ad
464 904 529 923 eum
543 891 631 924 missae
646 894 709 924 sunt
730 895 816 924 variis
831 904 864 923 ex
887 890 959 922 locis
974 890 1223 921 observationibus
1239 890 1296 921 col-

66 935 159 979 legit3
178 937 267 979 idque
289 939 365 977 juxta
390 935 562 968 methodum
583 935 652 967 aliis
667 935 824 980 expositam
839 934 1009 978 projiciendi
1034 945 1136 964 tetram
1152 937 1180 963 in
1196 933 1296 965 orbem

68 982 167 1016 Lunae,
182 980 232 1011 ubi
250 979 330 1010 faCoe
351 978 459 1010 fuerant
476 979 690 1010 observationes
702 1001 711 1014 ‚
728 991 792 1010 cum
806 981 953 1022 ptaecipuae
969 975 1067 1019 phases
1080 976 1094 1005 ὲ
1110 975 1224 1007 diversis
1240 976 1296 1006 As-

67 1024 221 1054 stronomis
241 1023 302 1053 sunt
326 1021 501 1054 observatae:
526 1021 602 1054 unde
624 1033 722 1055 earum
746 1022 847 1066 positio
871 1023 906 1053 ad.
931 1021 1030 1052 Solem
1053 1023 1082 1050 &
1106 1023 1238 1055 Lunam,
1263 1023 1295 1051 δε

67 1068 142 1097 inter
162 1067 188 1097 se
209 1069 332 1097 invicem
355 1066 515 1096 innotescit.

101 1111 136 1140 Et
145 1109 262 1152 quidem
274 1111 346 1139 intra
362 1120 393 1150 15
407 1108 466 1139 dies
477 1112 562 1140 Lunae
572 1120 644 1148 una,
654 1108 730 1141 Solis
745 1108 831 1140 altera
844 1107 953 1152 eclipsis
968 1107 1030 1138 sunt
1041 1106 1205 1140 observatae,
1217 1105 1297 1146 quod

67 1151 104 1182 ad
119 1151 332 1183 confirmandas
352 1153 563 1183 Allronomicas
583 1153 751 1194 hypotheses
775 1155 919 1196 permagni
938 1151 992 1182 fuit
1015 1151 1164 1180 momenti.
1181 1148 1297 1192 Eclipsis

68 1197 155 1225 Lunae
173 1195 220 1226 die
243 1207 278 1233 27
298 1195 378 1237 Junii
398 1198 518 1237 contigit
532 1195 601 1225 hora
621 1195 740 1226 &media
761 1198 846 1226 noete
866 1206 891 1226 2.
923 1206 954 1235 25
983 1196 1054 1224 min.
1080 1203 1119 1232 30
1134 1192 1186 1224 see.

116 1239 190 1268 Duae
213 1238 270 1269 illae
296 1238 418 1282 Eclipscs
438 1249 498 1268 tum
516 1238 703 1277 acciderunt,
721 1249 785 1269 cum
809 1242 888 1269 Luna
911 1238 976 1268 effer
1001 1239 1131 1278 proxima
1154 1234 1255 1266 mediae
1281 1235 1297 1264 ἂ.

67 1291 141 1312 terra
158 1282 294 1313 distantiae
311 1295 317 1312 :
339 1284 372 1311 In
393 1284 480 1325 priori
501 1280 596 1324 eclipsi
616 1280 710 1312 versus
730 1283 888 1325 Apogaeum
900 1304 907 1316 ‚
922 1285 951 1312 in
969 1280 1117 1323 posteriori
1137 1278 1231 1308 versus
1247 1279 1297 1308 Pe-

67 1327 185 1367 rigaeum
208 1325 350 1367 vergebat.
377 1327 455 1355 Inter
470 1335 617 1366 utramque
635 1324 703 1355 semi
721 1327 859 1355 circulum
878 1326 1035 1367 peragravit
1049 1322 1221 1365 superiorem
1234 1344 1242 1356 ,
1266 1324 1296 1352 in

68 1378 126 1408 quo
162 1368 275 1409 longius
314 1367 329 1396 ὲ
356 1379 428 1400 [ει-[α
450 1378 611 1397 removetur
641 1391 648 1403 ‚
687 1371 716 1398 δι’
752 1367 860 1398 tardius
892 1367 1007 1398 incedit.
1043 1366 1119 1395 Cum
1151 1368 1228 1394 enim
1260 1376 1294 1400 29

67 1413 129 1444 dics
146 1424 179 1445 12
213 1415 290 1444 hora:
313 1416 341 1444 &
364 1414 383 1460 ξ
408 1412 440 1444 fi:
459 1412 561 1444 mensis
585 1413 722 1455 Synodici
745 1413 791 1445 seu
811 1414 897 1445 medii
914 1416 1050 1457 temporis
1072 1413 1213 1455 spatium,
1236 1423 1297 1454 quo

68 1458 104 1490 ad
126 1458 222 1490 Solem
237 1459 309 1489 redit
326 1461 424 1496 Luna,
447 1472 485 1498 14
500 1461 611 1493 tantum
634 1460 712 1496 dies,
729 1465 761 1492 18
777 1462 859 1492 horas
877 1484 885 1497 ‚
900 1464 929 1492 &
956 1462 1000 1492 sex
1017 1461 1074 1492 fere
1096 1463 1204 1491 minuta
1224 1463 1297 1492 inter

67 1501 168 1533 cedere
192 1505 319 1545 oportuit
335 1505 408 1534 inter
421 1516 568 1548 utramque
581 1503 716 1547 eclipsim.
739 1505 917 1545 Qindecim
939 1515 1034 1536 tamen
1058 1504 1138 1539 dies,
1160 1515 1189 1542 13
1219 1503 1296 1534 liotae

70 1547 102 1575 &
130 1552 140 1594 δ’
162 1544 370 1577 interfuerunt:
391 1549 463 1578 adeo
476 1558 506 1578 ut
529 1559 612 1578 verus
629 1560 722 1579 motus
749 1558 785 1577 zo
816 1549 894 1578 horis
916 1551 946 1578 &
963 1547 1092 1598 j-medio
1116 1549 1222 1577 tardior
1232 1546 1298 1577 fue-

69 1601 116 1630 tit.
144 1598 234 1639 Qod
262 1611 327 1630 cum
347 1597 448 1629 tabulis
470 1598 675 1629 Astronomicis
699 1598 808 1642 optime
827 1603 961 1630 convenit
981 1612 987 1630 ε
1008 1609 1038 1628 ac
1051 1597 1184 1641 deinceps
1201 1597 1235 1628 ad
1246 1597 1301 1628 du-

70 1641 173 1685 plicem
192 1642 273 1674 illam
298 1641 423 1684 eclipsim
456 1643 549 1684 prima
567 1640 615 1671 illa
640 1641 813 1683 inaequalitas
834 1644 886 1672 erit
910 1641 1059 1684 exigenda.

102 1688 214 1716 VIII.
242 1688 282 1717 Ex
303 1686 378 1716 Solis
395 1684 495 1727 Eclipfi
514 1696 575 1726 quat
595 1695 627 1714 12
652 1684 724 1725 Julii
747 1685 873 1720 accidit,
890 1685 1066 1718 occasionem
1084 1686 1156 1728 cepit
1177 1685 1218 1714 D.
1232 1683 1304 1714 Cas·

71 1727 125 1758 sini
154 1728 189 1759 de
212 1729 357 1759 Solarium
381 1729 523 1771 eclipseon
549 1728 733 1770 praeditstionc
757 1726 897 1759 disserere.
927 1730 999 1761 l-iaec
1021 1739 1064 1759 tot
1087 1739 1180 1758 rerum
1199 1725 1307 1757 diffici-

72 1769 143 1801 lium
165 1774 296 1802 notitiam
318 1775 426 1814 exigit,
443 1783 473 1802 ut
496 1773 600 1801 mirum
618 1782 677 1800 non
699 1771 731 1802 fit
747 1794 756 1807 ,
776 1770 795 1802 si
818 1775 954 1815 temporis
982 1781 1163 1802 momentum
1182 1781 1239 1812 quo
1259 1769 1308 1799 fu-

73 1824 136 1843 tura
158 1814 196 1844 est
217 1814 324 1857 eclipsis
338 1841 347 1851 ,
370 1826 417 1845 aut
442 1816 559 1858 spatium
585 1825 644 1856 quo
665 1813 798 1845 duratura
813 1838 820 1850 ‚
843 1826 889 1846 aut
910 1815 987 1846 illius
1006 1813 1173 1857 magnitudo
1191 1816 1238 1843 vix
1260 1812 1306 1841 de-

72 1854 151 1886 finiri
169 1868 262 1897 queat.
283 1861 347 1889 Irno
373 1858 446 1889 illud
469 1858 507 1888 est
524 1856 663 1888 miraculo
689 1861 853 1900 proximum
871 1869 927 1889 tarn
950 1871 1010 1890 rara
1024 1859 1224 1888 Phoenomena
1240 1881 1247 1889 ‚
1264 1865 1307 1884 tot

73 1900 280 1930 circumstantiis
302 1901 428 1932 involuta
450 1901 525 1938 adeo*
550 1902 676 1931 accurate
698 1905 893 1944 praenuntiari.
921 1903 1042 1933 Annuus
1067 1912 1146 1931 teirae
1167 1911 1212 1929 aur
1232 1897 1307 1928 Solis

73 1953 192 1978 morus,
215 1946 302 1975 Lunae
322 1956 381 1977 tum
402 1948 431 1975 in
445 1944 657 1987 longitudinem
672 1970 681 1980 ,
705 1955 766 1975 tum
788 1947 816 1975 in
843 1945 1022 1976 latitudinem
1041 1955 1138 1976 motus
1159 1941 1305 1975 anonzali3

75 1985 172 2021 Solis,
191 1997 272 2017 teriae
290 1991 318 2018 &
345 1990 430 2019 Lunx
446 1987 660 2030 magnitudines
676 1991 748 2019 inter
767 1987 793 2018 se
813 1988 922 2020 collarae
937 2012 945 2024 ,
962 1993 991 2020 δε
1013 1988 1148 2018 distantia:
1165 1995 1224 2027 qua:
1237 1995 1307 2014 con-

76 2031 199 2060 tinenter
225 2042 371 2061 mutantur
390 2053 399 2066 ‚
425 2042 542 2074 qumque
566 2033 596 2060 in
620 2030 766 2062 diametris
786 2032 850 2063 visis
870 2044 1001 2073 mrgnam
1027 2030 1165 2061 inducunt
1188 2029 1307 2057 varictae

79 2082 136 2101 tcm
166 2086 172 2104 z
193 2073 235 2104 liis
258 2074 330 2104 adde
347 2073 507 2116 aspectuum
532 2073 721 2105 diversitatem
748 2078 775 2105 in
802 2071 1014 2113 diversis‘tcrre
1042 2073 1134 2103 locis:
1158 2072 1235 2109 hec:
1262 2072 1308 2101 iss-

80 2125 164 2158 quam
183 2138 192 2153 ‚
215 2116 277 2148 saris
297 2117 456 2160 implicatas
481 2115 558 2149 Solis
580 2117 697 2161 eclipses
715 2117 852 2150 efficiunt.
