1638 2345
282 76 572 109 ACADEMIAE
613 74 1112 108 HtsTORtA.112.111.
1231 91 1287 122 25³

63 130 163 165 praeter
179 131 223 151 eas
240 121 386 151 nonnullae
408 133 441 151 cx
467 120 571 152 usitatis
584 144 594 157 ,
619 133 682 163 quae
703 119 791 163 vulgo
814 123 891 152 inter
910 119 1108 163 refrigerantes
1134 120 1291 160 habentur,
1306 123 1379 166 Chy-

62 175 116 194 nec
136 163 314 195 sunttamcn.
343 164 482 207 Exemplo
494 164 555 195 sunt
569 187 577 199 ,
600 175 630 195 ut
642 165 787 199 diximus,
813 163 883 194 folia
896 164 1028 205 cychorei
1047 164 1190 206 sylvestris
1213 171 1293 209 cujus
1306 169 1385 200 mica.

63 207 131 238 folia
151 219 200 251 per
218 207 353 247 analyfim
364 209 507 252 explorata
527 207 650 238 multum
673 206 735 237 salis
750 218 810 238 tum
825 207 1042 243 volatilis,tum
1063 206 1113 239 fixi
1127 209 1145 244 '‚
1170 220 1221 240 nec
1244 222 1294 252 pa-

61 262 126 281 rurn
145 250 200 281 olei
225 251 414 294 ptaebuerunt.
449 253 510 292 Qi
532 252 688 293 postremus
715 253 783 282 exiit
804 250 900 293 liquor
918 274 928 287 ‚
953 262 1008 282 una
1025 262 1088 282 cum
1108 251 1206 294 spiritu
1231 254 1295 285 salis

60 293 146 325 valde
174 293 315 325 efferbuit.
349 297 488 336 Qinque
513 293 653 325 foliorum
676 293 755 325 librae
777 293 835 324 olei
859 297 972 325 unciam
995 307 1060 325 cum
1083 292 1211 331 semisse,
1232 296 1294 327 silis

62 336 195 368 lixivialis
219 336 322 379 sepum
338 338 485 368 drachmas
502 336 739 381 suppeditarunt,
761 337 941 369 tantumdem
957 337 1017 369 fere
1035 337 1091 369 olei
1113 342 1144 370 &
1163 338 1226 370 salis
1243 339 1296 371 fix!

62 380 78 410 ὲ
101 379 241 410 radicibus
268 381 386 423 prodiit.

487 515 519 552 C
543 516 576 551 A
600 516 626 552 P
647 518 685 554 U
709 516 745 551 T
817 515 835 552 1
851 517 882 552 I.

609 602 810 638 Anatomica.

62 686 87 718 1.
110 688 180 764 C
194 688 255 718 Urn
284 690 315 720 in
346 688 429 731 hujus
447 692 514 719 anni
537 691 679 732 principio
702 692 747 720 vir
769 687 973 720 Illustriffimus
996 689 1121 730 quodam
1137 688 1294 734 apoplexiae

193 741 296 773 genere
316 754 324 767 ,
351 744 380 762 ut
398 731 564 763 credebatur
586 755 594 767 ‚
620 733 760 775 percuss'ux
777 732 889 764 obiisset
902 755 912 769 ,
936 733 1040 765 D.Du
1058 736 1172 773 Verney
1196 745 1294 777 aperto

60 771 197 803 cadavere
217 774 364 805 cerebrum
389 775 486 805 sanum
501 798 510 811 ,
533 779 667 806 interiora
689 788 804 819 quoque
821 777 928 807 viscera
950 778 1059 807 invenit
1082 779 1189 818 integra
1214 790 1220 806 :
1247 776 1294 807 sed

61 816 173 846 inverso
193 828 312 860 corpore
327 830 428 860 magna
440 818 581 861 sanguinis
597 822 677 863 copia
692 819 707 850 ὲ
725 819 839 862 spinalis
858 819 992 850 medullae
1006 822 1120 861 regione
1135 818 1291 862 profluxit:

61 860 84 887 is
106 859 178 889 adeo
197 863 320 901 conjecit
342 865 489 905 eruptione
505 861 646 904 sanguinis
666 874 698 893 cx
720 874 751 892 ea
771 874 849 906 parte
864 886 873 898 ,
892 863 967 893 unde
987 866 1067 893 nervi
1082 866 1213 893 oriuntur
1227 862 1294 906 plu-

61 904 151 937 rimi,
175 906 225 944 qui
247 907 327 934 nervi
343 904 527 936 intercostalis
541 908 626 935 ramis
646 905 773 947 praebent
786 908 928 949 originem
949 928 958 941 ,
984 908 1105 949 partium
1123 908 1294 937 interiorum

61 955 172 975 motum
187 945 318 981 cessasse,
339 959 405 978 cum
421 948 569 978 cerebrum
590 947 710 979 illccsum
735 948 880 979 videretur
901 960 1001 991 praeter
1021 948 1130 990 aliquot
1152 949 1295 990 sanguinis

61 988 226 1019 extravasati
246 990 369 1031 guttulas
385 1013 394 1026 ‚
426 1002 457 1021 ac
482 1002 563 1021 mens
589 990 632 1021 ilii
653 991 800 1022 constaret.
835 994 914 1021 Hinc
942 990 1102 1034 complures
1129 992 1294 1034 apoplexias

61 1041 108 1060 aut
131 1033 206 1062 cette
234 1030 350 1064 lethales
378 1034 495 1065 morbos
523 1036 573 1078 qui
598 1035 653 1065 hoc
683 1038 800 1066 nomine
825 1034 973 1065 censentur
993 1056 1003 1070 ‚
1029 1037 1100 1065 oriri
1125 1046 1228 1077 magna
1256 1036 1295 1066 cst

62 1072 194 1115 suspicio·

107 1119 157 1149 ΙΙ.
198 1120 300 1150 Mense
325 1121 463 1163 Januario
492 1120 624 1163 quaedatn
643 1121 776 1152 animalia
797 1121 934 1153 Versaliis
956 1121 1039 1152 allata
1060 1118 1122 1151 sunt
1143 1123 1173 1152 &
1196 1121 1294 1158 incisa,

60 1172 123 1202 quae
148 1173 228 1192 antea
247 1162 385 1206 descripta
403 1164 515 1195 fuerant
528 1187 537 1199 ,
565 1176 596 1195 ut
619 1167 677 1195 avis
699 1166 773 1206 pieta
796 1177 825 1196 v.
843 1175 892 1194 une
909 1166 1023 1195 Pinmde
1044 1166 1073 1193 in
1092 1175 1146 1206 qua
1165 1166 1296 1196 Pericar-

60 1206 141 1235 dium
162 1217 216 1235 una
233 1217 297 1236 cum
318 1207 489 1249 pulmonum
517 1207 646 1238 veficulis
661 1207 756 1238 inflari
772 1219 830 1238 non
852 1211 981 1250 apparuit
1002 1221 1009 1237 :
1030 1209 1061 1237 in
1083 1208 1295 1251 Cercopitheco

59 1257 89 1277 v.
109 1250 251 1278 Marmore
272 1249 374 1292 triplex
397 1250 542 1293 Epiploon
563 1261 644 1280 antea
663 1250 755 1281 visum
778 1250 831 1281 fuit
845 1250 1060 1281 confirmatum.
1087 1253 1120 1280 Iu
1142 1250 1204 1282 felis
1220 1252 1296 1283 odo-

60 1301 127 1320 rata:
148 1291 267 1334 pedibus
291 1304 416 1323 tumores
431 1293 546 1335 quidam
562 1293 723 1329 observati,
751 1298 801 1337 qui
819 1305 920 1324 canum
933 1297 1053 1325 carcaria
1075 1305 1230 1338 utcumque
1250 1307 1295 1326 re-

61 1333 157 1363 ferunt
169 1359 175 1368 ,
198 1334 295 1376 lingua
317 1347 376 1366 non
393 1339 430 1366 ita
451 1335 529 1367 laevis
546 1347 629 1377 atque
650 1340 680 1366 in
702 1338 818 1367 canibus
836 1359 845 1372 ‚
869 1337 915 1367 sed
933 1341 1027 1368 minus
1043 1337 1140 1379 aspera
1157 1339 1195 1368 est
1207 1349 1295 1380 quam

62 1378 92 1405 in
118 1376 232 1409 felibus.
257 1377 373 1409 sultam
393 1390 506 1422 quoque
520 1401 530 1414 ,
550 1378 595 1409 seu
612 1379 803 1423 porphyrium
816 1402 826 1415 ,
853 1383 882 1410 δι’
902 1383 962 1411 avis
983 1391 1069 1423 quam
1091 1381 1178 1411 Aveu
1193 1381 1295 1424 appel-

61 1417 121 1449 lant
138 1445 146 1455 ‚
172 1419 306 1462 scalpello
325 1421 466 1461 subjffitae.

113 1465 179 1493 111.
219 1463 331 1494 Cameli
364 1464 431 1495 bina
454 1463 552 1496 tubera
576 1467 617 1497 D.
644 1466 685 1497 D.
707 1469 756 1497 Du
779 1468 895 1506 Verncy
928 1468 958 1496 &
984 1466 1070 1507 Mery
1102 1477 1293 1508 aperuerunt,

62 1508 92 1535 in
114 1517 171 1536 uno
187 1505 263 1548 quasi
283 1510 427 1550 congeries
450 1507 575 1551 pilorum
595 1508 724 1551 quaedam
745 1509 802 1540 visa
820 1531 830 1544 ,
851 1509 970 1539 alterum
983 1508 1055 1539 nihil
1079 1509 1154 1539 aliud
1182 1509 1295 1541 videtui·

63 1548 117 1578 effe
133 1560 218 1590 quam
239 1550 368 1592 quaedsm
384 1551 576 1582 vertebrarum
595 1552 757 1595 apophysis.

108 1595 171 1622 lv.
212 1595 243 1622 In
263 1593 385 1634 quadam
408 1607 457 1625 ave
484 1606 546 1636 quae
575 1606 607 1624 ex
629 1596 722 1636 pracda
743 1599 838 1632 vivit,
866 1596 1018 1638 Gryphum
1039 1607 1143 1627 vocant
1162 1618 1172 1631 ,
1201 1596 1295 1638 inglu-

64 1637 139 1665 viem
153 1647 179 1666 v.
194 1634 344 1678 Leffabot,
357 1638 483 1669 exhibuit
498 1639 535 1668 D.
553 1639 603 1667 Du
617 1641 732 1680 Verney
749 1664 756 1677 ,
776 1651 874 1670 comm
896 1651 978 1681 atque
997 1643 1025 1670 in
1044 1640 1141 1671 avibus
1161 1650 1295 1670 carnivo-

65 1680 104 1708 ris
116 1677 278 1710 observatur
299 1692 307 1714 ·,
332 1681 504 1712 ventriculus
526 1680 644 1711 inferior
661 1704 669 1717 ,
694 1694 721 1712 v.
738 1684 778 1712 Le
796 1683 908 1723 Gefier,
928 1685 1018 1713 tenuis
1042 1683 1199 1714 admodum
1213 1694 1271 1713 trat
1286 1706 1295 1718 ,

66 1720 114 1750 scd
137 1722 234 1752 eadem
255 1722 334 1753 illius
357 1735 415 1756 erat
441 1723 634 1755 conformatio
657 1737 719 1767 quse
741 1727 769 1754 in
793 1727 855 1756 aliis
874 1725 972 1756 avibus
993 1737 1055 1767 quar
1079 1726 1183 1757 scilicet
1202 1730 1296 1768 granis

67 1763 215 1795 vescuntur
232 1779 238 1797 :
254 1777 318 1797 nam
339 1770 369 1798 δε
392 1767 472 1800 fibi-is
487 1766 608 1798 carnosis
623 1771 653 1799 &
675 1767 838 1799 tendinibus
858 1769 960 1800 eodem
974 1769 1056 1812 plane
1074 1770 1164 1801 modo
1182 1771 1297 1800 instruc-

70 1817 114 1837 tus
138 1818 205 1840 erat.

109 1853 144 1881 Er
163 1851 280 1893 quidem
297 1852 355 1884 duo
376 1854 490 1896 Gryphi
509 1857 594 1884 variis
615 1855 791 1897 temporibus
810 1855 871 1887 sunt
886 1855 964 1886 incisi
978 1879 987 1892 ,
1011 1867 1134 1898 quorum
1151 1857 1297 1886 historiam

69 1896 98 1923 in
118 1905 201 1935 opere
224 1895 353 1926 nondum
372 1897 449 1927 edito
471 1898 599 1928 accurate
621 1898 754 1929 habemus
776 1899 956 1942 descriptam.
982 1898 1058 1929 Illud
1078 1899 1232 1930 admodum
1248 1910 1298 1928 ve-

70 1936 184 1967 risimile
201 1938 238 1968 cst
259 1938 330 1969 hanc
345 1951 425 1970 avem
446 1944 584 1982 majortm
607 1939 660 1970 0Πί-
679 1943 822 1973 vulturem
837 1965 845 1978 ‚
869 1947 948 1985 cujus
974 1945 1106 1973 meminit
1130 1941 1298 1972 Anstmcles

70 1979 122 2012 lib.
137 1984 162 2010 S.
184 1991 242 2023 cap.
261 1994 285 2021 3.
306 1982 404 2013 histor.
417 1984 594 2017 animalium.
619 1984 726 2016 Rostro
745 1986 855 2017 adunco
869 1985 926 2016 fere
941 1987 1026 2016 instit
1042 1985 1142 2025 Aquila:
1163 1985 1297 2019 donatur,

71 2023 201 2066 longiore
223 2025 338 2066 quidem
357 2036 441 2067 quam
459 2029 488 2058 in
508 2027 614 2071 Aquila
628 2051 636 2064 ‚
663 2027 709 2058 sed
729 2032 824 2060 minus
845 2029 963 2060 inflexo.
988 2027 1135 2059 Inferioris
1153 2027 1233 2058 rostri
1247 2038 1296 2057 cx-

73 2069 156 2098 tremi
185 2071 325 2111 mngines
346 2072 419 2100 acuti
441 2073 471 2100 &
494 2070 616 2102 secantes
643 2070 763 2104 subeunt
783 2073 932 2116 superioris
960 2082 1129 2103 excavatum
1152 2069 1296 2105 limbumt,

1032 2115 1056 2144 Ii
1087 2116 1116 2155 iij
