1638 2345
238 130 533 162 ACADEMIAE
568 128 883 161 HISTORIA.
919 130 998 161 an.
1030 133 1053 161 1.
1229 145 1258 165 ¹2

53 174 125 204 Tres
143 181 251 203 tanturn
272 173 334 204 sunt
350 174 434 217 digiti
454 177 483 205 in
505 172 628 218 pedibus
642 195 651 208 ‚
677 171 771 204 nullus
793 172 930 215 posterior
945 198 954 209 ‚
979 177 1060 213 cujus
1083 173 1148 205 loco
1173 176 1209 206 cst
1222 145 1280 206 cal?-
1318 177 1393 213 Hist.

50 216 112 247 lum
135 215 280 258 quoddam
305 228 396 259 parva·
417 221 494 248 nucis
515 216 711 259 magnitudine
735 228 742 246 t
762 226 868 258 ungues
891 214 987 258 figurae
1002 216 1093 248 ovalis
1113 229 1153 257 εκ,
1164 230 1281 261 utraque
1297 222 1394 251 Anisa.

50 270 128 302 parte
147 262 276 289 convexi.
303 260 390 301 Jecur
412 260 539 304 amplum
562 285 571 295 ,
593 260 675 301 cystis
692 258 774 289 fellea
792 281 800 295 ,
824 261 854 288 δι
874 257 976 289 duetus
993 270 1053 291 turn
1075 259 1193 296 bilios1‚
1219 272 1281 293 tum

49 303 220 344 pancreatici
242 314 276 332 eo
295 304 367 345 pene
393 304 482 334 modo
500 306 529 334 in
552 306 680 345 jejunum
702 302 864 332 intestinum
885 301 1016 334 desinunt
1035 326 1044 339 ‚
1070 315 1126 348 quo
1151 307 1179 334 in
1204 305 1284 347 gallo

52 345 154 376 Indico
186 358 192 376 ε
219 344 291 376 adeo
316 355 347 376 ut
371 358 470 377 eorum
491 346 560 377 ostia
589 348 663 376 inter
693 346 719 375 se
744 345 874 376 distincta
901 345 999 376 eadem
1030 346 1186 390 appendice
1209 347 1285 391 quasi

51 388 156 431 papilla
179 399 319 430 tegantur.
354 391 478 431 Magnus
500 388 701 432 glandularum
724 399 857 419 numerus
881 390 955 419 inter
974 390 1120 434 oesophagi
1142 391 1286 423 membra-

51 442 102 461 nas
124 432 312 466 cernebatur,
336 444 396 475 quae
424 431 484 463 fere
513 443 543 462 ut
569 443 655 473 apum
678 430 782 461 alveoli
806 442 884 462 erant
913 431 1052 475 disposita:
1079 448 1087 472 -,
1112 445 1286 476 unaquaeqne

52 474 102 504 suo
124 473 264 504 Foraminc
286 475 396 516 pertusa
417 497 426 510 ,
462 475 509 506 suo
541 476 641 505 itidem
666 473 767 504 tubulo
792 473 896 504 donata
919 486 927 509 ·‚
953 476 1048 518 pressa:
1071 476 1212 518 liquorem
1236 488 1285 507 cx-

52 517 214 560 ptimebant
234 538 242 550 ‚
265 519 313 560 qui
337 517 532 549 membranam
555 521 686 549 intimam
715 516 862 560 oesophagi
885 518 1058 560 penetrabat.
1083 519 1188 550 Eadem
1211 521 1286 563 pere

51 559 255 603 glandularum
275 561 356 591 series
377 564 406 591 in
428 572 550 593 maxima
570 563 665 592 avium
687 572 762 604 parte
787 563 909 590 occurrit
928 583 937 596 ,
961 560 1007 592 scd
1034 574 1092 593 non
1109 563 1179 594 adeo
1201 564 1286 594 cons.

53 614 146 646 prcua.

104 646 225 678 Infimus
246 647 419 679 ventriculus
439 657 468 678 v.
494 648 609 689 Gefier,
635 647 708 690 pene
729 657 759 677 ut
781 649 809 676 in
834 646 948 689 gallinis
977 661 983 678 z
1010 659 1108 679 verum
1134 649 1210 680 illius
1231 650 1286 682 du-

54 691 133 720 riries
159 702 218 721 non
246 702 279 721 ex
308 703 386 734 parte
406 691 562 722 musculosa
587 702 650 733 quae
674 693 703 720 in
724 691 776 720 hac
797 701 848 720 ave
868 689 952 720 valde
974 695 1064 721 tenuis
1083 693 1121 722 est
1140 715 1147 727 ‚
1180 693 1225 723 sed
1252 706 1286 724 ex

54 732 220 764 membrana
246 737 373 765 interiori
393 733 550 765 admodum
572 734 642 765 dura
664 738 695 766 &
717 733 802 764 densa
819 755 827 767 ,
855 735 886 763 in
914 736 1003 764 varias
1023 746 1105 777 rugas
1127 736 1286 778 complica-

54 786 82 806 ta
105 775 304 820 proficiscitur.
345 780 403 808 Hic
424 776 598 808 ventriculus
619 776 724 820 lapillis
748 780 807 807 imo
835 779 866 806 ὃ(
893 775 1019 807 denariis
1035 781 1144 821 cupreis
1167 779 1286 810 rcfettm

53 822 183 862 apparuit
203 842 213 855 ,
245 823 294 862 qui
318 832 415 852 rnutua
439 819 586 851 collisione
610 823 679 851 citra
704 817 898 850 corrosionem
920 819 1007 850 ullam
1031 823 1060 851 in
1083 821 1208 863 partibus
1236 834 1287 852 ex-

55 862 182 893 tantibus
204 885 214 898 ‚
237 874 296 893 non
315 866 344 893 in
365 866 441 894 cavis
460 874 506 894 aut
525 862 659 906 depreffis
675 862 772 894 detriti
786 861 958 893 videbantur
971 885 981 899 ,
1008 865 1085 904 quod
1105 864 1236 904 depreffae
1251 866 1286 895 ab

54 908 151 937 attritu
174 909 316 937 immunes
335 905 438 938 fuerint
460 919 467 937 ε
491 906 567 938 unde
586 906 698 938 nullum
719 909 796 937 iniis
817 904 952 936 erofiom's
974 907 1121 950 vestigium
1136 930 1146 943 ‚
1168 919 1221 939 nec
1240 920 1288 938 ru·

54 947 124 991 bigo
140 971 149 985 ,
171 960 222 980 nec
241 949 370 992 asperitas
391 949 447 981 ulla
466 953 604 994 apparuit.

102 993 218 1024 Nervus
250 995 360 1035 opticus
392 993 543 1036 postquam
566 991 681 1025 oculum
705 991 788 1023 subiit
812 1014 822 1027 ,
852 991 1076 1035 complanatur,
1103 1005 1134 1024 ac
1161 993 1286 1026 limbum

55 1033 144 1067 efficit
167 1035 320 1067 candidum
341 1036 432 1067 ovalis
455 1034 552 1078 figurae
566 1057 575 1071 ,
602 1048 636 1066 ex
659 1047 717 1078 quo
741 1038 820 1078 nigra
839 1036 1006 1067 membrana
1032 1039 1089 1066 exit
1113 1038 1195 1067 instar
1222 1049 1287 1068 ctu—

56 1089 148 1109 menae
169 1089 231 1120 quae
252 1083 281 1109 in
303 1080 487 1123 posteriorem
511 1082 595 1110 vitrei
618 1080 746 1110 humoris
768 1089 878 1121 partem
903 1077 1014 1112 definit.
1056 1081 1090 1108 In
1111 1091 1189 1123 parte
1211 1081 1286 1110 infc-

56 1124 127 1152 riori
150 1125 231 1154 rostri
254 1121 348 1165 plures
370 1133 465 1153 extant
489 1120 631 1165 glandulae
656 1121 705 1152 sub
729 1133 761 1152 ea
782 1121 951 1153 membrana.
972 1133 1035 1164 quae
1056 1123 1105 1152 has
1131 1134 1221 1166 partes
1246 1135 1288 1154 te-

57 1167 98 1207 git
123 1177 132 1200 ;
157 1177 191 1196 ex
216 1167 249 1195 iis
280 1176 329 1208 per
354 1167 456 1197 ductus
477 1165 540 1196 satis
564 1165 731 1209 conspicuos
757 1168 786 1195 in
814 1167 873 1195 oris
896 1167 1046 1196 cavitatem
1069 1165 1164 1208 liquor
1193 1166 1287 1197 effun-

57 1209 143 1241 ditur.

104 1253 199 1282 Avem
227 1250 335 1283 tardam
363 1253 490 1296 plerique
516 1256 686 1284 recentiores
717 1249 771 1282 esse
798 1252 894 1282 Otum
918 1261 1046 1282 veterum
1077 1262 1176 1296 purant
1203 1265 1211 1283 ε
1239 1251 1287 1283 sed

58 1295 146 1338 longe
169 1294 346 1338 probabilius
378 1296 490 1327 viderur
514 1294 593 1326 illam
623 1294 677 1325 effe
706 1294 789 1338 plane
808 1294 947 1325 diversam
971 1317 980 1330 ‚
1006 1306 1096 1338 neque
1125 1294 1208 1325 aliam
1234 1295 1287 1326 effe

59 1349 144 1380 quarn
164 1349 245 1368 avem
266 1338 386 1381 eleganti
409 1338 497 1382 speeie
519 1338 651 1369 decoram
667 1361 676 1373 ,
701 1349 764 1380 quae
784 1336 872 1380 vulgo
895 1336 1001 1369 nobilis
1028 1338 1178 1369 Numidiae
1206 1338 1287 1380 puel-

60 1381 87 1412 la
108 1383 257 1412 vocitatur.
290 1384 322 1411 In
345 1393 406 1412 eam
435 1393 508 1413 nota:
530 1393 630 1412 omnes
651 1381 753 1424 quibus
777 1380 793 1409 a
816 1380 958 1411 veteribus
983 1380 1144 1423 designatur
1159 1403 1169 1417 ,
1192 1383 1288 1424 appri-

59 1435 106 1455 me
128 1427 312 1456 conveniunt.
350 1425 443 1456 Prima
463 1425 500 1456 cst
523 1423 581 1467 ipse
604 1428 731 1468 corporis
745 1423 858 1454 habitus
880 1422 958 1466 quast
978 1424 1013 1454 ad
1031 1424 1188 1455 saltandum
1206 1435 1289 1455 com-

59 1466 166 1510 pofitus
191 1480 198 1498 ε
224 1467 344 1498 secunda
366 1490 374 1502 ‚
399 1468 436 1498 est
458 1471 488 1497 in
510 1468 614 1511 plumis
636 1468 672 1499 ad
698 1478 777 1498 aures
804 1465 975 1510 prominulis
995 1479 1003 1502 3
1023 1467 1097 1498 unde
1125 1471 1154 1499 &
1181 1479 1289 1498 nomen

60 1512 134 1541 Otus
161 1512 244 1541 nacta
266 1511 313 1541 est.
347 1512 445 1541 Tertia
466 1511 502 1542 est
525 1510 629 1542 coloris
652 1509 735 1554 ipsius
754 1521 840 1552 quem
868 1509 1032 1541 Alexander
1055 1510 1195 1551 Myndius
1215 1510 1291 1553 apud

62 1553 225 1584 Atheneum
255 1553 422 1596 plumbeum
447 1553 499 1584 esse
525 1557 554 1585 &
585 1554 619 1585 ad
643 1553 795 1585 caeruleum
817 1564 932 1595 vergere
955 1553 1080 1584 testatur.
1114 1555 1183 1583 Huc
1212 1564 1292 1583 acce-

61 1597 102 1628 dit
124 1600 153 1627 in
180 1595 278 1627 Africa
306 1608 367 1627 eam
390 1600 516 1640 reperiri.
559 1599 633 1637 Qae
664 1596 799 1629 Versaliis
822 1599 881 1637 ejus
902 1599 1014 1638 generis
1043 1608 1107 1627 aves
1124 1595 1292 1628 custodiun-

62 1650 107 1671 tur
127 1662 135 1675 ,
162 1639 251 1670 videri
278 1639 313 1671 ab
344 1640 509 1671 hominibus
537 1641 657 1683 gestiunt
681 1663 690 1676 ‚
721 1641 900 1682 cumquestn
924 1650 968 1668 eas
991 1640 1143 1669 hominum
1167 1650 1293 1670 conver-

62 1693 161 1714 runtur
182 1683 259 1715 oculi
279 1706 288 1718 ,
308 1684 398 1714 statim
422 1683 552 1715 exsiliunt
574 1688 604 1715 δέ
619 1683 752 1715 mulieres
770 1683 834 1714 illas
853 1681 1091 1714 circumforaneas
1110 1694 1179 1726 quas
1196 1683 1293 1713 Bobe-

63 1737 123 1756 mas
143 1725 304 1769 appellant,
322 1726 449 1757 saltando
468 1729 570 1758 imitari
591 1727 734 1760 videntur.

106 1771 132 1799 V
146 1771 169 1798 1.
195 1771 289 1811 Atque
312 1771 370 1800 haec
392 1771 429 1801 cle
446 1772 569 1801 externis
590 1770 724 1812 parribus.
746 1771 827 1806 Jecur
848 1768 1018 1799 schirrosum
1039 1780 1096 1799 etat
1115 1773 1144 1800 in
1163 1769 1290 1800 nonnul-

66 1811 99 1843 li5
113 1833 122 1847 ,
145 1823 177 1842 ex
202 1812 324 1854 granulis
344 1813 423 1845 flavis
448 1814 531 1843 instar
552 1825 706 1856 granorum
728 1813 801 1844 milii
824 1812 992 1843 coalescens.
1027 1814 1108 1842 Hinc
1126 1813 1290 1844 structuram

66 1855 175 1898 hepatis
198 1867 230 1885 ex
250 1855 353 1886 lobulis
371 1855 491 1886 conflari
513 1879 522 1892 ‚
544 1860 592 1898 qui
613 1860 715 1887 iterum
737 1858 752 1887 ὲ
773 1854 915 1899 glandulis
936 1855 1083 1894 constant,
1110 1856 1180 1897 justa
1204 1854 1291 1899 suspi-

66 1901 111 1929 cio
130 1897 191 1929 fuit.
224 1901 304 1942 Qin
326 1903 356 1930 &
380 1899 526 1942 capillarcs
546 1900 647 1930 ramuli
671 1911 759 1942 pottae
774 1922 783 1935 ,
806 1910 881 1930 cavae
899 1921 909 1934 ,
932 1902 962 1929 3<
984 1897 1122 1929 ductuum
1145 1898 1290 1929 biliarium

66 1953 218 1985 utrumque
240 1942 427 1985 peragrabant
457 1942 556 1973 lobum
580 1955 588 1978 3
613 1954 677 1973 cum
701 1955 734 1973 ue
762 1946 840 1984 jecur
866 1953 925 1972 non
951 1944 1074 1972 omnino
1104 1941 1289 1976 induruerat,

66 1989 131 2016 aete
151 1997 199 2028 per
221 1997 268 2015 eos
290 1985 413 2016 ramulos
432 1984 556 2016 immillo
578 1998 635 2017 non
657 1956 748 2017 locbuli
769 1985 859 2016 modo
873 2007 882 2020 ‚
908 1983 953 2015 sed
972 1988 1056 2015 etiam
1075 1984 1217 2026 glandula*
1232 1983 1292 2026 ple-

67 2039 187 2071 rumque
201 2026 283 2058 firmil
305 2032 334 2059 &
357 2039 421 2058 cum
447 2027 550 2059 lobulis
564 2051 573 2063 ,
596 2029 751 2071 aliquando
774 2030 920 2071 separatim
936 2027 1159 2058 intumescebant
1179 2039 1186 2061 ·‚
1209 2037 1292 2069 atque

68 2083 101 2102 ex
119 2083 150 2103 ca
167 2070 380 2102 intumescentia
393 2070 512 2101 validius
530 2083 729 2114 argumentum
745 2072 897 2103 conficitur
913 2075 991 2114 jecur
1011 2073 1025 2102 ὲ
1047 2069 1152 2100 lobulis
1168 2073 1197 2100 ἃ
1211 2069 1293 2112 glan-

68 2114 143 2147 dulis
159 2113 211 2146 esse
230 2114 385 2147 conflatum
400 2137 409 2153 ,
431 2126 516 2159 quam
532 2127 564 2146 ex
578 2115 641 2160 ipsis
660 2115 785 2160 granulis
805 2115 944 2153 induratis
966 2128 973 2146 :
997 2125 1035 2145 ese
1048 2116 1152 2156 quippe
1174 2124 1206 2142 ex
1227 2111 1293 2143 obs-
1333 2115 1336 2118 ⁴
