1638 2345
270 84 570 117 ACADEMIAE
608 83 879 116 HISTORIA
912 84 997 118 Lm.
1027 86 1091 121 IV.
1238 100 1292 130 343

506 217 539 253 C
562 219 596 255 A
621 218 648 256 P
668 221 707 258 U
729 219 763 256 T
821 218 883 256 11:

474 313 524 343 De
554 304 741 343 plantarum
761 305 901 354 Analysi.

70 392 95 422 1.
206 395 289 424 Arias
305 393 465 437 plantarum
486 393 689 436 descriptiones
715 395 756 425 D.
775 392 898 424 Dodard
916 391 985 435 legit
999 396 1079 424 annis
1093 393 1295 437 superioribus,

112 391 193 472 V
205 436 330 477 analyses
356 449 451 468 earum
471 436 572 468 itidem
590 436 671 468 factae
685 461 693 476 ,
714 437 749 467 de
761 435 865 478 quibus
887 436 960 466 nihil
974 435 1083 468 necesse
1098 439 1136 468 est
1148 437 1229 481 plura
1241 438 1296 469 hoc

69 476 135 508 loco
145 477 286 510 disserere.
303 479 416 510 Plantas
425 479 497 523 ipsas
506 479 717 523 suppeditarunt
730 481 771 510 D.
785 481 825 509 D.
843 480 998 510 Marchant
1013 483 1044 510 δε
1057 481 1246 511 Tourriefort.
1262 482 1296 512 Id

68 531 158 552 uuum
182 520 293 553 silentio
311 525 487 565 przetermitti
502 535 561 554 non
575 521 681 558 debet,
699 522 778 566 quod
796 525 836 554 D.
852 522 1006 566 Homberg
1022 523 1118 554 mense
1135 524 1226 566 Junio
1240 527 1297 555 cir.

69 574 101 593 ca
123 570 244 607 partium
258 587 268 601 ,
291 565 395 605 quibus
422 566 486 597 olea
511 565 675 609 plantarum
698 566 825 596 constant
854 565 1045 597 diversitatem
1077 566 1212 609 peculiari
1235 566 1297 598 dis-

69 606 220 638 sertatione
242 609 391 651 exposuit:
408 609 517 641 summa
540 609 598 639 fere
621 609 680 640 haec
695 609 743 641 est.
764 609 877 639 Plantas
900 620 949 652 per
969 608 1105 649 analysim
1126 612 1157 641 in
1171 609 1296 653 liquores

69 660 193 691 aqueos,
211 650 273 681 olea
290 674 299 687 ‚
325 651 393 682 sales
407 678 416 688 ,
440 656 471 683 &
498 663 583 695 eaput
607 662 753 683 mortuum
779 651 882 683 resolvi
901 665 908 682 ε
934 663 967 682 ex
986 652 1091 696 quibus
1113 664 1196 697 caput
1214 665 1296 685 mor-

67 700 149 723 tuum
168 697 248 724 omni
276 694 330 725 sale
348 706 465 726 exutum
478 717 488 731 ,
500 698 530 726 &
546 697 619 738 ignis
636 698 665 727 vi
683 695 738 727 rite
752 705 938 739 expurgatum
951 717 960 731 ‚
984 699 1012 726 in
1037 696 1141 739 plantis
1158 696 1295 729 omnibus

67 736 106 765 est
131 736 187 766 fere
210 737 374 769 uniusmodi
393 752 399 770 :
426 738 502 769 secus
516 738 551 769 de
578 738 641 769 aliis
659 741 806 782 principiis
826 737 1025 770 sentiendum:
1045 750 1113 770 nam
1133 742 1163 770 in
1183 742 1219 771 iis
1231 752 1294 772 rna-

67 788 122 818 gna
139 780 176 810 est
195 779 324 822 saporum
339 804 349 816 ,
364 781 505 816 odorum,
524 785 554 812 δε
584 781 767 812 confistenziae
789 780 950 812 differentia
962 803 972 817 ,
994 785 1028 813 &
1042 785 1124 826 aquei
1152 782 1290 827 liquores,

67 819 129 852 olea
141 845 149 856 ‚
164 821 231 853 sales
244 823 366 854 multum
386 827 459 855 inter
480 824 506 854 se
530 823 656 855 diversos
670 835 820 867 procreant
835 823 965 855 effedtus.

109 866 120 894 1
135 867 157 896 Ι.
181 867 253 896 Haec
271 866 348 897 velut
365 867 503 910 generalis
520 866 650 909 quaedam
674 867 770 910 regula
794 866 873 899 statui
889 867 979 910 potest
993 891 1002 902 ‚
1022 865 1181 910 plantarum
1198 881 1285 912 grana

67 907 198 939 nondum
218 920 328 940 matura
344 922 442 953 parum
455 909 534 945 olei,
557 913 694 950 majorem
708 910 881 953 phlegmatis
893 932 903 945 ‚
926 921 973 940 aut
987 913 1069 951 aquei
1090 910 1210 951 liquoris
1222 934 1231 946 ,
1253 924 1285 943 ac

68 949 130 980 salis
145 950 194 982 fixi
207 951 332 994 praebere
346 954 458 996 copiam
472 976 480 989 ‚
495 953 583 995 quam
597 953 695 984 cadem
707 964 794 995 grana
811 953 859 983 ubi
879 951 915 983 ad
927 954 1096 983 maturitatis
1109 954 1209 985 statum
1219 967 1286 998 per-

68 993 180 1024 venere.
208 997 282 1035 Qiae
301 999 377 1026 enim
394 996 461 1026 vasa
479 999 508 1026 in
530 999 624 1038 granis
641 996 735 1027 crudis
754 996 869 1032 insunt,
890 995 972 1026 succo
995 995 1088 1025 adhuc
1111 997 1218 1038 aquoso
1230 1020 1240 1033 ‚
1255 1003 1288 1031 &

67 1036 223 1068 admodum
244 1038 336 1069 fluido
353 1061 361 1074 ‚
388 1050 441 1070 nec
459 1039 528 1070 dum
551 1039 621 1069 bene
639 1039 745 1082 digesto
764 1050 891 1082 turgent:
921 1038 970 1069 sed
989 1037 1132 1081 particulae
1147 1044 1207 1082 ejus
1224 1041 1289 1072 sali-

66 1089 110 1110 nae
123 1102 133 1115 ,
156 1082 296 1112 terrestres
325 1085 355 1112 &
369 1094 474 1126 aqueae,
493 1081 637 1125 progressu
655 1086 794 1126 temporis
809 1080 965 1113 accuratius
990 1081 1127 1124 permistae
1140 1105 1149 1117 ,
1173 1082 1288 1115 craffio-

66 1133 109 1153 res
129 1122 220 1160 fiunt,
236 1124 412 1165 quodoleurn
425 1124 560 1168 paulatim
578 1137 636 1156 non
648 1125 731 1159 simul
750 1127 900 1156 formetur.
919 1125 1024 1167 Neque
1038 1128 1117 1156 enirn
1131 1126 1190 1156 haec
1209 1126 1288 1159 velut

65 1167 210 1209 pinguedo
229 1167 354 1210 plantam
367 1167 440 1199 subit
456 1173 514 1210 jam
532 1167 606 1199 fasta
619 1182 628 1199 -:
650 1169 697 1200 sed
717 1170 852 1212 paulatim
868 1172 898 1199 &
914 1179 970 1198 tem
993 1171 1049 1198 oris
1067 1167 1144 1211 lapsu
1161 1171 1288 1201 concresl

65 1211 115 1240 cit.
143 1212 171 1240 Si
192 1211 309 1254 quidem
335 1211 350 1242 ὲ
373 1215 466 1254 granis
486 1223 534 1254 per
552 1212 661 1254 aliquot
686 1213 794 1244 menses
817 1212 931 1242 servatis
956 1180 1019 1253 psus
1039 1210 1097 1242 olei
1119 1213 1286 1247 extrahitur.

64 1253 113 1283 Sic
126 1252 141 1282 'e
163 1253 315 1284 seminibus
338 1258 367 1285 ἃ
387 1253 545 1289 fluetibus,
566 1264 597 1285 ut
615 1255 633 1284 ve
651 1255 770 1285 nucibus
792 1259 823 1285 &
850 1255 937 1285 olivis
954 1265 1004 1295 per
1025 1264 1080 1283 tres
1099 1266 1146 1285 aut
1164 1268 1285 1299 quatuor

62 1295 173 1326 menses
190 1299 219 1327 in
246 1297 316 1327 locis
334 1295 497 1329 siccioribus
522 1295 663 1328 affervatis
682 1301 774 1339 major
786 1296 842 1327 olci
862 1299 944 1340 copia
956 1295 1067 1326 elicitur
1079 1318 1089 1331 ‚
1110 1297 1199 1339 idque
1214 1301 1288 1330 cras.

64 1335 118 1368 ssus
134 1339 189 1377 est,
210 1339 297 1381 quam
314 1352 378 1371 cum
400 1341 416 1371 ὲ
439 1339 578 1370 fruffibus
591 1340 752 1371 recentibus
766 1342 943 1382 exprimitur.
970 1349 997 1368 2.
1022 1340 1056 1367 In
1075 1338 1146 1369 oleis
1161 1341 1287 1373 destilla-

63 1382 99 1410 tis
120 1384 192 1422 ignis
212 1382 267 1412 una
287 1385 435 1424 conjungit
452 1394 496 1413 eas
515 1386 643 1426 corporis
661 1394 774 1426 partes,
793 1393 855 1424 qua:
871 1381 1001 1412 nondum
1021 1379 1094 1412 bene
1107 1385 1180 1414 inter
1198 1385 1223 1414 se
1234 1387 1287 1416 de-

63 1426 168 1453 vintstae
183 1435 281 1459 erant,
303 1437 354 1455 nec
375 1427 431 1456 olei
451 1424 657 1456 consistentiam
677 1426 804 1469 adeptae:
823 1425 970 1468 postquam
989 1427 1066 1454 enim
1079 1423 1175 1456 oleum
1193 1438 1288 1469 quan-

65 1476 92 1496 ta
117 1466 178 1498 ficri
200 1471 291 1510 potuit
313 1472 341 1498 vi
367 1473 489 1500 maxima
511 1468 669 1510 expressum
692 1469 766 1504 fuit,
792 1480 826 1498 ex
850 1467 958 1498 fecibus
979 1467 1070 1497 adhuc
1097 1469 1218 1500 multum
1239 1483 1287 1514 per

63 1508 278 1542 distillationem
299 1511 420 1542 elicitur.
436 1511 523 1544 Unde
537 1512 645 1542 frustus
666 1515 697 1543 δε
717 1523 805 1555 grana
826 1510 918 1541 solent
933 1513 993 1552 igni
1015 1510 1179 1547 admoveri,
1195 1517 1286 1555 prius.

63 1562 150 1593 quam
172 1565 205 1583 ex
229 1557 262 1585 iis
283 1553 378 1585 succus
395 1558 586 1598 exprimatur:
609 1567 675 1586 nam
695 1555 776 1586 calor
794 1554 956 1598 opportune
979 1552 1122 1584 adhibitus
1145 1557 1284 1588 naturales

63 1597 189 1626 actiones
209 1609 268 1627 non
290 1609 390 1639 parurn
415 1609 576 1641 promovet.

110 1651 136 1679 3-
162 1642 203 1670 Ex
222 1643 257 1671 iis
269 1639 514 1672 observationibus
527 1641 556 1672 id
569 1640 680 1673 videtur
696 1641 793 1684 colligi
807 1641 901 1685 posse,
917 1641 1014 1673 oleum
1029 1653 1087 1672 non
1105 1641 1182 1674 aliud
1198 1645 1286 1686 quid-

62 1681 130 1712 dam
155 1682 209 1714 effe
229 1694 328 1727 ptaetcr
349 1683 464 1727 aquosas
479 1710 487 1720 ‚
511 1684 611 1715 salinas
628 1710 635 1723 ,
649 1688 679 1715 ὃς
702 1696 824 1716 terrenas
837 1685 988 1728 particulas
1005 1689 1132 1729 corporis
1145 1686 1282 1722 densatam

61 1725 151 1766 idque
176 1726 360 1758 confirmatur
379 1739 412 1758 ex
430 1727 487 1758 olei
508 1726 587 1758 craffi
603 1750 612 1763 ,
634 1731 664 1760 δε
694 1727 789 1772 spilli,
813 1728 892 1771 quod
911 1728 961 1759 sub
981 1727 1070 1760 finem
1094 1729 1284 1762 distillationis

64 1767 197 1799 violentae
215 1771 230 1800 ὲ
255 1769 359 1812 plantis
380 1771 489 1801 extrahi
508 1770 585 1803 solet.

105 1812 184 1842 Cum
207 1813 247 1842 D.
270 1812 422 1854 Hombcrg
440 1814 496 1845 olei
510 1813 586 1845 illius
604 1814 700 1846 foetidi
721 1814 824 1845 libram
840 1825 905 1845 curn
925 1815 999 1847 calce
1018 1819 1047 1847 in
1072 1820 1136 1847 a'ere
1148 1819 1283 1853 extincta,

66 1857 97 1885 &
114 1855 149 1885 ad
175 1858 270 1898 ignem
290 1856 344 1886 ritt‘:
362 1857 495 1888 exficcua
513 1857 637 1897 ejusdcm
663 1859 797 1901 ponderis
819 1859 970 1890 miscuisset
985 1882 994 1894 ,
1011 1858 1195 1891 distillatione
1210 1860 1285 1890 faeta

66 1900 96 1928 in
119 1909 240 1934 retorta,
266 1910 296 1928 ut
319 1904 407 1931 moris
430 1901 467 1931 est
480 1928 487 1939 ,
510 1905 574 1944 igne
593 1913 640 1944 per
659 1902 761 1943 gradus
780 1904 880 1937 aucto,
904 1906 934 1933 ὃ(
959 1902 1009 1933 sub
1025 1901 1110 1933 finem
1127 1902 1283 1934 admodum

66 1942 227 1972 vehementi
240 1964 249 1976 ‚
272 1944 396 1984 primum
418 1947 544 1987 quinque
562 1944 750 1986 phlegmatis,
768 1956 828 1976 tum
846 1944 943 1976 decem
959 1957 1022 1975 cum
1039 1945 1146 1975 semiffe
1162 1945 1218 1975 olei
1231 1958 1286 1976 un-

62 1987 115 2014 cia:
133 1984 318 2027 prodierunt:
343 1990 421 2028 cujus
438 1989 505 2017 osto
526 1991 632 2030 priores
647 1987 741 2019 fluidae
757 2014 765 2029 ,
786 1989 873 2020 rubeo
887 1988 983 2019 colore
998 1987 1168 2030 splendidae‚
1186 2000 1216 2018 ac
1229 1992 1285 2019 mi-

67 2037 119 2058 nus
142 2039 218 2059 erant
234 2027 365 2058 foetentes
380 2052 387 2063 ‚
410 2030 494 2073 quam
520 2031 664 2073 postrcmae
688 2031 749 2063 duae
769 2035 858 2062 unciae
876 2044 943 2063 cum
967 2031 1092 2066 semisse,
1113 2042 1176 2073 quae
1200 2031 1286 2074 spiffi‘z

67 2080 145 2102 erant
157 2094 166 2108 ,
178 2075 207 2102 δι
219 2069 376 2104 admodum
386 2071 535 2107 foetebant.
555 2077 679 2118 Liquere
693 2074 798 2119 aquoso
810 2075 932 2106 scorsum
949 2073 1040 2118 posito
1054 2099 1061 2111 ,
1074 2085 1109 2106 io
1125 2076 1214 2106 unciae
1227 2075 1286 2107 olei

1307 133 1400 166 Plani.

1307 178 1406 218 analyf.
