1638 2345
164 175 257 206 ΛΝΝ.

170 222 258 258 1695.

284 132 343 168 366
571 125 746 158 REGIAE
793 122 1203 157 SCIENTIARUM

284 182 322 202 20
343 167 525 202 Novembris
549 173 671 212 contigit
693 181 699 199 :
725 178 759 198 ex
773 165 875 208 quibus
888 166 1085 198 conclusiones
1104 167 1163 198 suas
1184 168 1265 201 eruit.
1291 169 1388 210 Hujus
1409 166 1520 212 eclipsis

285 217 401 245 irinum
419 223 455 244 cx
474 211 579 243 tabulis
599 216 638 244 D.
666 213 704 242 Le
722 212 808 242 Fevte
828 207 882 239 fuit
903 210 1022 243 Lutetia:
1043 210 1113 241 hora
1130 210 1204 242 sexm
1225 213 1240 241 8
1263 233 1272 246 ,
1297 223 1319 250 4
1334 210 1481 246 ,medium
1500 221 1520 248 7

286 258 357 289 hora
373 279 381 292 ,
400 267 431 286 21
448 277 456 290 ,
483 261 522 293 46
539 268 547 291 ·,
565 255 630 286 finis
652 256 666 284 8
680 254 749 285 hora
763 275 774 290 ,
797 263 849 295 35,
873 254 906 282 28
926 253 1059 298 §.duratio
1084 267 1100 287 2
1125 254 1196 285 hora
1210 276 1220 290 ,
1242 265 1279 295 27
1297 276 1307 290 ,
1334 265 1396 294 ²43
1413 257 1523 297 magni-

286 300 360 333 tudo
378 299 535 342 digitorum
558 309 581 339 5.
597 310 641 331 ιι.

713 434 746 471 C
772 435 807 471 A
830 434 855 471 Ρ
873 435 907 471 U
930 434 965 470 T
1037 433 1117 471 IX.

629 527 680 556 De
710 521 875 572 Dioptrica
902 519 942 560 ό·
971 517 1201 556 Λνεόἰιεὸῖκνα.

290 611 314 640 1.
339 607 424 687 N
441 609 494 638 On
517 605 596 637 aliud
620 610 711 650 magis
731 605 853 639 siderum
870 608 1014 639 scientiam
1033 606 1127 637 nostra
1144 615 1222 637 state
1242 605 1414 647 promovit,
1440 601 1528 644 quam

441 649 591 692 telescopia
611 661 645 680 ex
670 662 684 680 2
710 653 790 681 vitris
813 654 950 682 convexis
968 649 1123 691 composita
1136 672 1145 685 ‚
1164 649 1199 680 de
1219 658 1342 689 quorum
1358 648 1470 688 origine
1496 649 1528 677 ὅ(

289 693 340 726 usu
359 694 581 726 dissertationem
599 694 614 724 ὲ
638 692 743 736 scripto
767 692 834 736 legit
857 698 897 726 D.
913 693 999 724 Dela
1015 694 1087 723 Hire
1107 719 1115 731 ‚
1136 690 1217 723 simul
1239 693 1269 721 ὃ(
1295 689 1352 733 qua
1367 699 1476 720 ratione
1494 687 1531 720 ad

291 737 505 770 observationes
525 737 742 768 Astronomicas
758 735 870 768 facilius
884 736 1074 768 adhibeantur
1086 758 1095 771 ‚
1117 733 1255 778 exposuit.

337 780 414 812 Illud
443 782 585 823 imprimis
612 779 734 811 advertit
768 780 802 811 P.
832 781 994 811 Antonium
1014 781 1140 810 Mariam
1162 775 1338 808 Schirlerum
1364 775 1400 806 de
1427 775 1534 807 Rheita

294 823 419 854 Ordinis
445 824 664 865 Capucinorum
693 826 818 866 primum
847 827 978 854 omnium
998 821 1104 866 parasse
1130 821 1313 863 telescopium
1339 830 1404 850 cum
1424 819 1535 850 oculati

293 877 438 899 convexo.
465 865 610 896 Libellum
637 877 668 897 ca
689 866 723 897 de
746 877 774 896 re
797 865 887 897 edidit
906 892 914 905 ,
937 870 981 898 cui
999 867 1043 896 hic
1067 864 1163 896 titulus
1184 862 1315 908 praefixus
1339 863 1376 893 est
1394 889 1401 902 ‚
1427 862 1530 892 Oculus

296 909 390 940 Enoch
411 913 441 940 δε
464 909 538 939 Elia.
565 909 681 951 Majora
698 908 816 952 quidem
836 909 987 952 telescopia
1005 911 1052 939 vix
1068 908 1154 939 ullius
1174 908 1261 937 css‘cnr
1276 905 1343 936 usfis
1365 909 1393 936 in
1411 905 1534 936 siderum

296 951 564 986 observationibus,
588 951 640 982 nisi
655 952 710 982 hoc
735 950 792 982 illis
811 950 961 983 accedisset
979 950 1057 995 praesi
1069 953 1151 982 lium.
1175 950 1252 980 Cum
1266 952 1343 979 enim
1362 948 1474 979 oculare
1488 959 1537 978 ca-

297 1006 368 1025 vum
395 1005 506 1038 aptatur
532 993 602 1025 tubo
635 994 680 1024 vel
699 994 742 1025 sex
765 995 849 1037 pedes
866 995 953 1038 longo
966 1022 974 1034 ,
1000 1007 1062 1039 pars
1076 998 1114 1026 rei
1135 993 1255 1035 objeeiae
1268 992 1339 1022 adeo
1354 1004 1439 1036 parva
1456 991 1538 1022 dete-

297 1040 374 1081 giiur
389 1061 398 1074 ,
425 1049 456 1068 ut
482 1036 592 1080 planeta
613 1040 662 1068 vix
677 1037 692 1068 a
712 1037 789 1069 stella
811 1040 912 1070 secerni
935 1050 1018 1081 que.1t
1040 1051 1048 1073 ·,
1075 1037 1202 1069 ocularia
1227 1047 1295 1066 vero
1316 1047 1448 1066 convexa
1474 1046 1538 1066 am-

300 1080 375 1124 plius
405 1080 526 1124 spatium
549 1082 678 1124 retegunt
706 1095 713 1113 z
737 1081 808 1113 adeo
826 1093 857 1113 ut
881 1082 967 1126 longe
991 1081 1101 1113 facilius
1122 1080 1154 1112 sir
1179 1079 1292 1121 objtcta
1318 1090 1438 1123 qua-*que
1463 1084 1541 1115 con-‚¹

301 1134 385 1155 tueri.

347 1171 359 1199 Ι
374 1169 397 1197 1.
438 1168 516 1198 Cum
532 1178 626 1199 autem
640 1171 711 1199 vitra
728 1168 872 1211 objestiva
893 1182 924 1201 ea
941 1174 1049 1202 ratione
1069 1171 1164 1212 augeri
1189 1164 1294 1211 possint
1309 1188 1320 1202 ›
1344 1164 1402 1208 (μή
1415 1164 1542 1197 001th

300 1209 399 1241 focum
419 1210 526 1242 habent
542 1210 658 1255 longius
675 1213 867 1253 produdhim,
892 1217 921 1245 &
944 1214 1063 1257 spatium
1083 1211 1269 1255 conspt&um
1285 1209 1405 1240 oculatis
1429 1210 1543 1252 magni-

302 1253 394 1285 tudini
412 1254 581 1297 respondeat
596 1277 606 1290 ,
630 1255 706 1285 idem
723 1255 841 1300 spitium
864 1269 913 1299 per
929 1256 1072 1300 longiores
1097 1256 1181 1286 tubos
1204 1255 1299 1285 liceret
1316 1255 1442 1289 intueri,
1462 1249 1544 1296 quod

302 1308 352 1339 per
368 1299 513 1331 minores,
533 1296 553 1327 si
571 1301 686 1327 materia
704 1299 804 1339 przrsto
822 1299 889 1329 esset
913 1300 1068 1340 majoribus
1085 1297 1249 1328 oculiribus
1275 1295 1406 1339 parandis
1430 1297 1542 1326 idonca.

305 1338 361 1370 Sed
382 1350 425 1370 res
442 1350 499 1369 non
516 1341 554 1370 ita
576 1340 600 1369 se
620 1340 704 1370 habet
716 1363 726 1376 ,
745 1352 811 1372 cum
829 1341 954 1372 ocularia
966 1353 1034 1373 cava
1046 1341 1218 1372 adhibentur
1239 1353 1246 1370 z
1268 1350 1332 1368 nam
1348 1338 1426 1380 spatii
1440 1338 1547 1369 drtcffl

304 1382 464 1426 amplitudo
483 1381 517 1412 ab
536 1381 674 1424 objestivi
698 1387 763 1415 vitri
779 1396 907 1426 apertura
921 1385 1024 1428 pendet
1037 1407 1046 1420 ,
1086 1396 1126 1414 ua:
1145 1384 1199 1414 hoc
1218 1384 1307 1424 magis
1322 1383 1465 1412 imminuit
1483 1382 1548 1424 spa-

305 1427 378 1455 tium
401 1424 610 1468 deprehensum
626 1448 635 1461 ,
655 1437 715 1469 quo
731 1426 842 1470 longius
858 1427 893 1458 ab
914 1427 1022 1459 oculati
1039 1397 1119 1458 dslllat
1137 1430 1242 1457 vitrum
1265 1425 1456 1464 objtckivum.
1481 1425 1548 1455 Ne-

305 1479 359 1510 que
379 1469 434 1500 hoc
451 1467 632 1510 dispendium
649 1469 758 1512 pensari
772 1471 863 1514 potest
881 1470 927 1501 vel
941 1473 956 1500 ἐι
976 1475 1074 1510 majori
1092 1474 1155 1501 vitri
1174 1469 1312 1508 objtehvi
1328 1478 1456 1508 apertura
1469 1492 1478 1503 ‚
1501 1466 1549 1498 vel

307 1510 323 1541 a
342 1514 449 1542 minori
468 1513 536 1542 vitri
560 1511 683 1544 oculatis
699 1517 819 1546 cavitate
841 1536 852 1551 ‚
883 1517 921 1545 ita
939 1526 969 1546 ut
988 1514 1105 1546 efftstus
1124 1514 1181 1557 ipsc
1207 1511 1329 1554 longini⁸
1341 1514 1382 1543 ini
1403 1511 1464 1541 tubi
1491 1509 1551 1545 resq

309 1555 445 1598 pondent.

355 1610 382 1629 ι..
419 1600 459 1630 Ut
477 1596 541 1628 casu
563 1598 689 1641 quodam
713 1599 834 1632 fortuito
858 1603 887 1632 in
910 1604 1001 1645 prima
1016 1599 1077 1631 tubi
1097 1601 1186 1643 optici
1206 1601 1372 1629 inventione
1385 1608 1549 1629 convexum

308 1642 414 1671 vitrum
428 1651 498 1671 cavo
521 1640 688 1682 adjuntstum
705 1641 780 1679 fuit,
799 1643 836 1675 sic
854 1644 1013 1675 admodum
1027 1642 1177 1674 verisimile
1198 1643 1235 1673 est
1258 1642 1316 1673 duo
1333 1645 1404 1673 vitra
1421 1652 1550 1672 convexa

309 1682 326 1712 ὲ
348 1684 379 1714 P.
396 1685 501 1715 Rhcim
516 1683 586 1714 tubo
603 1697 697 1728 aptata
714 1688 781 1717 casu
799 1688 924 1731 quodam
939 1699 996 1718 non
1011 1699 1044 1717 cx
1058 1698 1135 1718 certo
1155 1685 1274 1717 consilio
1299 1698 1306 1717 z
1328 1697 1392 1715 nam
1415 1685 1471 1728 ipse
1487 1696 1551 1727 pet-

311 1738 410 1769 parum
433 1727 580 1758 commodi
598 1728 665 1761 hinc
679 1733 751 1772 cepit
767 1744 775 1761 :
792 1742 857 1762 cum
877 1731 936 1762 tubi
958 1743 992 1771 30
1016 1742 1065 1762 aut
1084 1742 1124 1770 40
1143 1729 1247 1773 pedum
1263 1740 1296 1759 ex
1312 1740 1342 1758 ea
1361 1739 1445 1770 quam
1467 1726 1552 1771 praes-

312 1770 397 1800 cribit
422 1770 516 1813 regula
530 1796 540 1807 ,
559 1773 600 1802 rei
617 1771 738 1814 objestae
756 1785 815 1804 non
830 1778 919 1818 magis
933 1785 1052 1818 augeant
1066 1777 1222 1816 imaginem
1237 1795 1247 1808 ‚
1267 1783 1353 1814 quam
1377 1771 1436 1802 tubi
1459 1771 1552 1802 usitati

313 1825 337 1854 4
355 1813 475 1856 pedum.

357 1868 382 1897 3-
418 1858 621 1898 Qamobrem
646 1859 766 1890 intubis
782 1860 940 1902 majoribus
955 1860 1093 1892 uberioris
1114 1871 1224 1892 tantum
1244 1859 1314 1890 lucis
1337 1858 1448 1889 lucrum
1464 1857 1552 1895 fecit,

313 1909 378 1942 qua·
397 1900 427 1930 in
443 1900 578 1933 sideribus
596 1903 764 1934 contuendis
780 1916 837 1935 non
853 1905 892 1936 est
911 1904 981 1935 adeo
996 1904 1155 1935 ncccffwia.
1181 1907 1207 1935 Is
1221 1915 1316 1934 tamen
1338 1905 1375 1933 rei
1393 1914 1441 1945 pcr
1456 1906 1553 1942 majo-

312 1954 357 1973 res
370 1942 455 1974 tubos
471 1945 629 1988 conspeCiae
644 1957 782 1985 majorem
800 1959 916 1990 quoque
931 1947 1048 1990 speciem
1066 1947 1120 1979 csl'e
1133 1947 1292 1990 perlitisum
1307 1945 1428 1977 habibat
1440 1969 1448 1981 ‚
1461 1946 1550 1988 qufilm

312 1985 361 2017 ubi
387 1998 438 2029 per
458 1991 600 2019 minorem
628 1988 729 2019 tubum
748 2002 807 2019 eam
831 1990 963 2021 cernebat
986 2013 995 2026 ,
1027 1991 1105 2035 quod
1126 1991 1188 2022 luce
1211 1989 1321 2033 ptr-fusa
1346 1988 1411 2020 essct
1431 1992 1548 2028 majore.

314 2030 418 2072 Neque
432 2033 510 2061 enim
526 2043 558 2062 cx
576 2033 740 2074 Dioptrices
754 2032 857 2075 regulis
872 2034 1056 2076 perpenderat
1070 2046 1155 2078 ‚quas
1167 2034 1239 2066 focis
1249 2033 1409 2065 eculanum
1423 2032 1548 2074 pra-scri-

312 2072 355 2103 bit
370 2074 512 2105 mensuras
524 2100 531 2111 ,
556 2074 604 2105 ubi
619 2087 684 2105 cum
703 2074 773 2107 focis
791 2077 1003 2117 objcekivorum
1016 2089 1216 2120 comparantur
1231 2104 1238 2116 ‚
1259 2089 1353 2108 rerum
1369 2076 1548 2117 objustarum

316 2115 418 2159 species
435 2120 463 2147 in
480 2117 637 2161 majoribus
652 2119 727 2151 tubis
743 2131 803 2151 non
820 2123 916 2163 augeri
931 2124 1020 2164 magis
1033 2122 1120 2165 quam
1135 2125 1164 2154 in
1180 2122 1340 2155 minoribus
1363 2119 1449 2152 tubis.
