1638 2345
319 155 378 189 360
634 149 805 182 REGIAE
843 149 1233 184 SClENTlARUM.

202 194 293 226 Ami.
316 203 360 223 tus
384 202 541 236 penetraret
558 206 563 225 :
588 193 619 224 id
638 197 715 224 enim
737 191 834 236 saepius
850 193 904 225 fuit
925 197 1120 237 experimento
1139 196 1358 237 comprobatum
1377 196 1482 237 viperae
1495 207 1545 227 ve-

204 244 288 280 1695.
315 247 423 267 nerium
440 236 585 268 exsuetum
611 235 684 267 nihil
702 246 805 267 nocete
817 259 827 272 ‚
850 248 948 268 contra
967 248 1050 279 atque
1072 240 1167 268 evenit
1183 240 1212 268 in
1229 236 1324 269 morsu
1341 237 1498 281 serpentum
1514 241 1545 268 in

317 277 437 310 Antillis
451 294 457 311 :
476 278 522 311 sed
536 290 686 309 venatores
699 278 838 323 praemissa
851 279 1055 311 scarificatione
1075 279 1223 324 pulverem
1241 282 1353 324 pyrium
1367 282 1396 310 in
1417 281 1468 311 isto
1482 280 1546 310 vul-

315 332 383 352 nere
403 322 584 357 accendunt,
613 324 654 352 uti
673 333 707 353 ex
733 325 774 354 D.
800 321 924 354 Blondel
948 325 1129 367 accepimus,
1153 326 1184 354 δε
1202 323 1284 367 supra
1310 327 1367 366 jam
1390 325 1544 354 innuimus.

714 457 746 494 C
771 457 806 494 A
830 458 856 495 P
878 460 916 496 U
939 457 974 493 T
1020 461 1053 496 V
1077 459 1142 494 ΙΙ.

453 550 502 580 De
521 544 607 580 rebus
631 544 853 589 Geometricis,
875 542 1067 580 mechanicis
1081 567 1090 584 ‚
1113 550 1152 582 θ’
1177 519 1407 593 [π’]άνρβαιὶεὶᾑ

313 632 335 662 1.
472 632 523 662 Αἶα
536 634 635 673 utique
656 629 818 663 summatim
841 633 1027 673 attingimus,
1047 642 1109 673 quae
1131 633 1278 674 partimin
1300 629 1464 662 Tabulariis
1477 627 1548 658 Aca-

369 634 568 709 Hdemiae
586 676 647 704 sunt
659 674 806 717 descripta,
818 673 872 705 suis
887 684 1006 716 quaeque
1019 673 1196 716 temporibus
1207 673 1361 717 vulganda,
1377 674 1479 713 partim
1489 674 1548 712 jam

311 716 374 748 sunt
395 717 490 753 edita,
506 717 556 747 illa
572 719 702 760 inprimis
725 728 788 760 quae
809 720 854 748 vir
872 716 1061 747 nobilissimus
1079 720 1117 748 D.
1144 718 1278 748 Marchio
1304 717 1338 748 de
1357 714 1500 758 l’Hopital
1513 715 1548 745 de

312 759 415 801 analysi
437 764 629 803 quantitatum
645 771 706 801 quae
728 758 880 791 indefinite
898 759 959 790 sunt
982 771 1072 803 parva*
1087 786 1094 796 ‚
1112 759 1218 802 publici
1239 763 1308 802 juris
1323 760 1409 798 fecii,
1431 767 1549 805 quaeque

311 802 347 833 ab
372 806 529 834 exercitatis
563 806 594 834 in
620 804 672 833 hac
701 802 816 834 scientia
842 805 905 833 sunt
937 802 1096 833 admodum
1120 802 1282 846 approbaae
1309 817 1315 834 :
1338 801 1499 846 persuaium
1519 799 1549 832 id

312 845 420 876 habent
441 857 475 876 ex
497 847 549 876 bac
572 845 788 877 demonstrandi
809 848 918 877 ratione
937 847 1134 877 Geometriam
1153 849 1259 878 mirum
1284 850 1313 878 in
1336 845 1456 876 modum
1484 853 1550 880 auc-⁴

313 899 374 920 tum
396 892 442 920 iri.

364 932 454 973 Junio
470 932 563 963 mense
580 932 657 963 idem
682 935 722 964 D.
745 932 880 963 Marchio
900 932 938 963 de
960 932 1107 976 l’HOpiral
1128 943 1238 964 novum
1262 932 1408 963 theorema
1424 929 1550 961 demon-

311 973 407 1005 stravit
429 979 502 1005 circa
517 975 720 1017 quadraturam
735 974 914 1016 Cyolo'i'dum
927 1001 936 1012 ‚
957 987 1078 1018 quarum
1104 973 1183 1005 bases
1200 974 1262 1007 sunt
1281 986 1359 1006 arcus
1380 973 1497 1008 circuli,
1513 972 1550 1003 [i-

312 1027 347 1046 ve
360 1019 499 1059 pumerum
520 1018 687 1050 describens
702 1029 779 1049 extra
790 1040 800 1054 ‚
817 1016 872 1049 five
891 1021 964 1050 intra
976 1017 1238 1050 circumferentiam
1253 1017 1352 1050 circuli
1366 1015 1484 1048 mobilis
1495 1027 1550 1059 po-

312 1059 396 1091 situm
417 1060 458 1093 fit.

365 1104 467 1135 Mense
494 1106 604 1137 Martio
628 1109 667 1138 D.
693 1104 782 1136 Rolle
799 1104 970 1136 methodum
992 1104 1121 1150 exposuit
1141 1115 1196 1148 qua
1212 1104 1386 1137 fraffionum
1401 1110 1550 1148 exponenff

312 1156 354 1177 tes
376 1149 405 1177 in
424 1147 550 1191 Algebta
572 1149 749 1180 evanescant.

344 1192 355 1220 I
371 1192 394 1221 1.
420 1193 478 1222 Die
498 1204 527 1231 ¹3
543 1192 643 1223 mensis
656 1192 763 1235 Aprilis
779 1192 810 1223 P.
826 1191 967 1223 Nicolaus
985 1194 1134 1224 societatis
1148 1189 1216 1234 Jesu
1229 1192 1397 1222 Trac‘tatum
1416 1191 1552 1222 omme.-

311 1234 413 1263 tritum
427 1234 462 1265 ad
475 1234 659 1266 Academiam
673 1234 769 1269 misit,
791 1234 840 1266 ubi
853 1235 911 1265 duo
936 1236 1112 1267 theoremata
1136 1235 1249 1278 reliquit
1273 1235 1461 1277 inquirenda:
1479 1245 1551 1277 pau·
1584 1236 1595 1246 '

311 1278 352 1306 cis
372 1277 434 1318 post
461 1277 563 1308 diebus
584 1279 632 1308 illa
651 1278 856 1308 demonstravit
874 1280 914 1309 D.
946 1281 1106 1322 Varignon.
1126 1280 1202 1309 Ante
1224 1277 1332 1320 aliquot
1353 1277 1550 1308 hebdomadas

312 1318 514 1358 quadraturam
533 1331 626 1351 curvae
652 1319 767 1350 finuosae
788 1319 1029 1352 demonstraverat
1042 1344 1051 1356 ‚
1071 1326 1149 1361 cujus
1168 1320 1308 1350 ordinazae
1326 1321 1360 1350 ad
1376 1321 1549 1351 diametrum

312 1360 374 1391 sunt
396 1360 532 1404 obliquae.
549 1365 644 1404 Hujus
659 1361 756 1404 figurae
776 1362 929 1403 descriptio
952 1363 987 1393 ab
1008 1363 1140 1407 ellipse-os
1164 1363 1337 1393 formatione
1356 1363 1459 1405 pendet
1476 1362 1550 1393 :de-

313 1404 481 1434 monstratio
504 1415 599 1435 tamen
612 1405 627 1435 a
649 1405 818 1447 quadratura
830 1403 961 1447 ellipseos
978 1417 1034 1435 non
1056 1406 1168 1449 pendet.
1185 1406 1264 1436 Id<m
1278 1405 1483 1437 damonstravit
1504 1416 1550 1435 re-

313 1445 538 1486 e‘tificationcm,
554 1448 599 1479 seu
619 1452 733 1491 inregrae
747 1471 756 1483 ‚
777 1448 822 1478 seu
845 1451 967 1490 partium
985 1471 993 1483 ‚
1016 1449 1118 1491 quibus
1137 1450 1244 1480 constat
1264 1447 1337 1479 linea
1350 1474 1359 1487 ,
1383 1460 1470 1491 qmm
1492 1448 1550 1489 Cy-

311 1489 417 1521 cloi'dis
440 1490 564 1533 vulgaris
581 1491 824 1522 sociam-vocant.
843 1493 926 1521 Brevi
943 1492 1003 1535 pest
1024 1493 1150 1523 inducias
1168 1503 1296 1535 tempore
1311 1491 1472 1534 generalem
1487 1502 1551 1521 me-

315 1532 436 1563 thodum
450 1533 591 1577 protulit,
609 1547 664 1578 qua
683 1534 820 1566 centrales
833 1537 907 1564 vires
921 1546 1021 1565 omnes
1044 1535 1201 1566 habeantur
1213 1558 1222 1571 ,
1246 1534 1349 1577 quibus
1373 1545 1460 1577 genus
1483 1545 1550 1564 om-

307 1586 348 1616 ,ne
372 1587 522 1608 curvarum
544 1582 724 1617 continetur,
760 1589 808 1608 uas
832 1578 873 1606 D.
889 1578 1009 1620 Hugcns
1033 1577 1221 1620 centrifugas,
1241 1582 1271 1609 ὃ(
1290 1580 1328 1610 D.
1350 1580 1468 1609 Neuton
1480 1588 1550 1606 cen-

314 1620 428 1660 triperas
453 1621 644 1663 appellarunt.
675 1624 745 1662 Qo
787 1619 1008 1652 fundamentum
1023 1621 1060 1652 est
1085 1625 1260 1665 ptaecipuum
1286 1620 1480 1663 Philosophiae
1498 1631 1549 1650 na·

314 1662 411 1692 turalis
435 1662 472 1693 al>
497 1667 531 1694 iis
556 1664 698 1708 expofitae.

362 1707 434 1736 111.
475 1709 634 1750 interjectis
665 1706 775 1750 aliquot
807 1707 906 1740 diebus
929 1709 1120 1741 demonstrata
1150 1706 1186 1738 ab
1216 1718 1250 1737 eo
1278 1706 1331 1738 fuir
1356 1705 1550 1743 rectificatio:

314 1759 343 1777 ut
369 1746 524 1790 loquuntur
548 1772 559 1787 ‚
590 1751 636 1782 seu
658 1750 809 1794 longitudo
829 1755 859 1783 &
884 1753 1053 1795 quadratura
1074 1750 1197 1783 evoluta:
1225 1749 1397 1789 Cyclo'i'dis:
1423 1762 1457 1780 co
1479 1761 1549 1781 mo-

313 1789 353 1819 do
377 1790 543 1834 descriptae,
565 1805 650 1836 quem
676 1795 718 1826 D.
747 1797 867 1836 Hugens
887 1795 1023 1830 tradidit,
1046 1797 1114 1826 irem
1134 1791 1301 1824 rectificatio
1315 1818 1323 1827 ‚
1348 1796 1376 1823 ὅ(
1395 1793 1548 1835 qnadratu-

315 1843 344 1862 ra
359 1832 511 1865 indefinita
527 1840 659 1868 omnium
676 1838 855 1878 Cyclo'i'dum
868 1863 877 1874 ,
903 1849 1025 1880 quarum
1045 1837 1124 1868 bases
1147 1835 1372 1866 suntciicularts
1387 1859 1395 1871 ‚
1409 1847 1551 1879 quaecun-

315 1886 514 1926 que-ponatur
538 1882 609 1910 inter
629 1882 768 1924 punstum
791 1893 836 1912 eas
854 1880 1016 1913 describens
1029 1904 1039 1917 ‚
1056 1884 1086 1912 ὅ(
1103 1890 1231 1910 centrum
1242 1879 1340 1910 ciiculi
1356 1879 1470 1912 mobilis
1489 1877 1548 1909 dis-

317 1928 415 1950 tantia.

355 1962 421 1992 Nec
443 1963 535 1995 multo
556 1967 617 2007 post
639 1975 767 2007 tempore
783 1966 960 1998 evolutiones
974 1971 1104 1998 omnium
1122 1965 1265 2010 spiralium
1302 1965 1434 2007 cujusque
1460 1973 1546 2009 geneA

315 2007 352 2035 ris
374 2005 577 2038 demonstravit
592 2031 600 2043 ,
625 2008 711 2050 idque
736 2010 855 2040 ostendit
878 2022 978 2041 omncs
1002 2011 1097 2042 evolvi
1127 2014 1153 2041 in
1181 2009 1327 2053 parabolas
1352 2021 1410 2039 uno
1433 2008 1544 2040 tantum

313 2048 403 2088 gradu
426 2049 615 2083 sublimiores.
637 2051 727 2081 Paulo
750 2063 812 2083 ante
836 2053 1020 2095 proposuerat
1042 2065 1146 2083 novam
1164 2053 1333 2083 methodum
1350 2052 1483 2083 omnibus
1498 2062 1545 2082 re-

315 2090 536 2123 ctificationibus
549 2116 557 2128 ‚
577 2098 606 2124 δε
627 2095 805 2134 quadraturis
824 2095 981 2127 indefinitis
997 2097 1254 2128 accommodatam.

360 2136 422 2165 IV.
449 2137 488 2168 D.
511 2138 556 2166 De
578 2136 602 2166 la
625 2139 698 2168 Hire
720 2138 943 2183 propositionem
958 2141 1120 2182 generalem
1142 2141 1176 2173 de
1196 2139 1366 2172 stelionibus
1384 2137 1542 2170 solidorum

314 2177 538 2220 Pyramidaliuni
559 2179 772 2212 demonstravit.
847 2180 850 2183 ’
1486 2181 1542 2212 scd
