1638 2345
321 71 622 106 'ACADEMIAE
660 74 948 111 HISTORIA.
984 78 1074 110 [τε.
1103 81 1166 115 IV.
1320 90 1338 115 ὅ

169 113 317 146 Tabulam
332 120 473 160 pertexuit
488 117 564 148 illius
582 122 780 161 proportionis
794 145 804 158 ,
823 131 910 163 quam
925 122 1022 152 statuit
1040 125 1114 154 inter
1135 124 1278 171 utriusque
1292 97 1359 160 v3itr7i
1371 127 1445 155 Dio-

125 154 209 189 focos
231 183 242 198 ,
271 170 334 201 quae
356 160 465 203 semper
484 161 584 192 eadem
601 161 639 192 est
654 173 669 192 a
688 173 703 192 2
723 162 850 205 partibus
868 164 904 196 ad
929 176 973 203 40
997 166 1095 209 usque.
1119 168 1226 200 Pedem
1249 174 1276 202 in
1302 184 1358 204 roo
1368 171 1463 211 pericu.

123 211 215 243 partes
233 202 344 239 tribuit,
357 204 512 248 telescopio
528 217 570 242 40
583 205 688 248 pedum
706 206 829 238 ocularis
843 206 911 238 foco
925 220 1017 240 unum
1026 208 1144 252 affignat
1155 212 1256 254 pedem
1274 229 1280 246 :
1292 228 1358 248 curn

122 243 261 285 objcstivi
277 244 359 277 focus
376 247 392 277 ὲ
409 250 487 280 vitto
499 247 580 279 distat
594 259 629 281 ιο
641 248 727 292 pedes
741 272 753 287 ,
771 250 893 283 ocularis
911 250 978 283 foco
993 251 1092 283 tribuit
1113 255 1194 297 pedis
1206 255 1357 296 semissem,

123 288 155 317 δέ
177 290 217 319 ita
232 287 375 333 deinceps.

166 341 198 367 4.
231 333 375 364 Nondum
396 336 422 365 ei
433 334 577 378 perspecta
594 346 652 367 erat
672 336 733 367 haec
749 339 916 380 Diopnices
939 337 1056 381 regula,
1080 342 1211 384 imaginis
1221 353 1359 385 augmen-

117 383 182 404 tum
200 375 273 406 datis
291 377 435 420 utriusque
454 381 520 409 vitri
540 378 611 409 focis
628 379 728 411 haberi
749 379 833 411 facile
853 381 930 425 poffe
944 407 953 418 ,
973 393 1038 412 cum
1059 382 1116 413 foci
1141 385 1280 427 objectivi
1298 387 1357 419 dis-

117 416 218 448 stantia
234 418 249 447 εὶ
270 423 346 451 vitto
358 446 367 456 ,
387 433 436 464 per
454 421 578 452 ocularis
599 421 656 454 foci
678 423 694 453 εὶ
716 424 766 454 suo
784 428 860 456 vitro
879 424 1039 456 distantiam
1058 426 1359 471 dividiturzquotiens

116 462 195 491 enirn
220 462 337 494 exhibet
360 475 499 507 quantum
525 477 568 496 res
579 464 698 508 ,obJecta
718 471 813 508 major
833 480 989 512 appareat,
1013 469 1101 512 quam
1115 471 1249 504 naturalis
1266 499 1276 510 ,
1296 485 1360 517 quae

115 502 224 535 scilicet
239 506 324 536 nudis
343 507 434 538 oculis
448 507 628 552 conspicitur.

160 557 172 586 5
209 550 298 590 Qod
319 549 338 580 fi
358 551 501 590 objectiva
528 555 601 582 vitra
620 575 630 588 ,
655 551 758 596 quibus
782 555 814 587 P.
831 554 938 585 Rheita
962 554 1115 592 utebatur,
1140 556 1264 588 ocularia
1286 569 1360 590 con-

114 600 232 621 vexiora
249 618 255 626 ,
280 604 327 623 aut
349 594 487 628 fortiora,
509 606 539 625 ut
562 606 692 630 vocant,
715 607 774 626 non
803 596 992 628 admittibant
1009 621 1018 634 ,
1036 610 1122 641 quam
1144 613 1175 631 ea
1193 602 1272 643 ipsa,
1294 613 1357 645 quae

116 633 146 661 in
172 636 231 673 ejus
244 635 346 666 tabulis
369 637 566 668 describuntur
581 661 589 673 ‚
607 639 666 669 haec
689 639 765 670 cerie
777 652 856 672 erant
873 641 973 671 nostris
995 642 1081 684 longe
1104 644 1249 675 iuferiora.
1275 646 1358 676 Nam

115 674 295 714 objcChvum
316 690 394 716 culus
416 679 496 711 fmus
523 682 559 710 ist
585 680 628 711 fix
653 682 755 721 pedum
775 706 782 718 ,
806 683 920 715 oculare
937 684 1063 716 admittit
1092 690 1177 717 trium
1198 687 1355 731 pollicum,

114 721 195 759 quod
213 723 367 763 imaginun
390 733 425 764 57
450 728 586 765 majorem
603 723 700 757 efficit.
733 727 822 768 Qud
844 726 863 758 fi
883 725 963 757 focus
981 728 1104 759 oculatis
1122 730 1187 761 effer
1212 730 1255 761 sax
1269 731 1358 773 polli-

114 771 180 792 cum
196 785 205 798 ‚
228 766 324 805 imago
345 766 410 796 ellet
435 778 544 796 tantum
569 779 601 807 45
631 773 684 810 maj
699 781 717 798 »ι
744 770 884 804 naturali,
913 774 941 800 ἂ
959 782 1059 812 parum
1075 773 1223 804 excederet
1237 785 1358 818 propor-

113 805 224 836 tionem
244 807 259 836 a
283 808 314 838 P.
332 810 437 839 Rheita
458 809 561 851 ubique
582 812 765 841 (0¹⁴st1tumm
780 835 787 847 ‚
807 824 863 853 qua
885 824 926 843 res
946 813 1058 853 objusta
1077 820 1169 856 major
1188 817 1357 859 quadragies

112 852 248 880 cernitur.
275 851 329 882 Sed
351 862 412 893 quae
429 864 502 883 nunc
523 852 693 884 adhibentur
713 858 784 886 vitra
800 856 945 898 c=bjc<stiva
967 869 995 896 25
1017 858 1123 899 pedum
1145 869 1211 889 cum
1232 859 1355 892 ocularis

111 888 181 921 foco
208 905 221 932 3
247 894 407 937 digitorum
423 895 506 925 facie
529 900 741 940 conjunguntur
757 920 766 933 ‚
791 902 820 930 δε
844 910 938 936 rerum
952 902 1090 942 imagines
1104 906 1210 933 centies
1231 906 1354 945 majores

110 933 251 966 efficiunt.

155 980 229 1019 1,11.
268 979 302 1009 Id
324 991 416 1011 tamen
437 982 474 1011 est
492 982 674 1014 incommodi
696 987 725 1014 in
741 987 821 1015 vittis
848 989 984 1017 convexis
1000 1008 1010 1022 ‚
1029 998 1058 1017 ut
1084 985 1172 1017 sidera
1196 999 1253 1018 non
1270 986 1354 1019 facil&

110 1031 214 1051 eorum
239 1034 294 1064 ope
312 1024 489 1066 deprehendi
510 1024 614 1068 possint
637 1047 647 1062 ‚
673 1025 692 1057 si
718 1027 816 1058 solem
838 1031 868 1059 δέ
893 1033 1004 1060 Lunam
1024 1033 1176 1073 exceperis.
1199 1033 1260 1072 Qi
1276 1035 1354 1063 enim

111 1064 182 1094 radii
200 1068 354 1108 imaginem
372 1070 412 1098 rei
433 1067 554 1108 objctstae
572 1073 601 1100 δέ
619 1072 648 1100 in
669 1071 736 1101 foco
756 1070 917 1114 depingunt
931 1095 938 1107 ‚
956 1076 984 1103 in
1008 1074 1162 1116 argussiori
1179 1074 1267 1117 spatio
1283 1086 1355 1106 con-

110 1109 231 1139 tractim
252 1121 285 1139 ex
300 1109 407 1140 oculari
425 1122 501 1141 Vitro
524 1124 627 1143 exeunt
646 1111 705 1144 fere
726 1115 855 1157 paralleli
874 1138 882 1151 ,
908 1119 984 1158 iique
1001 1116 1142 1159 pupillam
1163 1117 1239 1148 oculi
1263 1117 1355 1149 subire

107 1148 215 1182 debent
230 1175 237 1187 ,
257 1163 287 1182 ut
308 1152 365 1194 obj*
378 1155 415 1183 ἂι
437 1154 557 1197 speciem
576 1158 604 1185 in
627 1157 718 1187 fundo
735 1157 811 1188 oculi
828 1157 983 1190 dclincent.
1015 1158 1085 1190 Sola
1098 1171 1192 1190 autem
1208 1159 1354 1203 utriusque

108 1195 176 1224 vitri
196 1194 342 1239 dispositio
364 1199 392 1226 in
409 1196 505 1228 locum
527 1198 620 1237 ipsum
647 1201 717 1231 radii
735 1211 787 1230 nos
803 1201 905 1237 ducit,
931 1205 961 1233 ὃς
981 1214 1039 1243 quo
1065 1205 1094 1233 in
1114 1202 1179 1233 loco
1197 1204 1298 1235 oculus
1320 1203 1354 1236 fit

107 1238 258 1278 ponendus
275 1239 390 1271 indicat.
417 1242 461 1270 Ac
479 1241 550 1283 saepe
575 1245 597 1271 is
617 1242 696 1272 locus
738 1246 854 1274 uaeritur
867 1269 878 1280 ,
900 1256 952 1274 nec
973 1243 1056 1276 facile
1078 1248 1224 1277 invenitur
1244 1246 1282 1277 ob
1303 1258 1353 1277 an-

108 1281 218 1322 gustam
240 1281 355 1325 pupillae
371 1294 541 1325 aperturam.
570 1284 689 1316 Accedit
706 1255 778 1317 iilud
792 1298 907 1329 quoque
924 1288 953 1317 in
969 1286 1046 1318 tubis
1066 1287 1245 1331 longioribus
1261 1312 1270 1325 ‚
1288 1300 1352 1331 quae

107 1325 138 1352 in
157 1322 225 1355 foco
246 1325 283 1355 est
305 1329 343 1355 rei
360 1326 480 1365 obJectae
499 1330 597 1368 imago
613 1349 622 1361 ,
645 1328 725 1358 brevi
743 1332 880 1370 temporis
899 1328 987 1372 spatio
1003 1341 1140 1372 magnum
1157 1335 1208 1361 iter
1222 1331 1350 1369 covficit,

110 1368 142 1395 ὃ(
169 1371 253 1409 prion
265 1380 294 1398 m
320 1367 415 1397 Iocum
430 1391 439 1403 ‚
456 1369 506 1399 ubi
519 1381 581 1398 cam
604 1369 724 1412 positam
745 1370 825 1401 fuisse
842 1372 998 1412 judicatum
1015 1372 1104 1403 fuerat
1121 1395 1129 1407 ,
1152 1376 1211 1403 cito
1228 1375 1348 1412 desciit,

110 1407 204 1450 sicque
222 1411 300 1441 visus
325 1415 416 1441 aciem
434 1411 533 1443 eludit.
558 1413 635 1442 Cum
649 1412 707 1443 duo
722 1417 796 1444 vitra
815 1417 844 1443 in
865 1415 999 1445 eumdem
1018 1415 1201 1446 includuntur
1227 1417 1327 1448 tubum
1340 1441 1349 1453 ,

109 1452 157 1482 hic
173 1453 291 1484 oculum
310 1453 401 1496 ipsum
423 1454 542 1498 dirigit,
566 1466 596 1486 ut
620 1466 654 1486 eo
669 1458 699 1486 in
717 1457 784 1487 loco
805 1455 912 1489 sistatur
926 1483 935 1494 ,
955 1461 985 1488 in
1010 1469 1096 1501 quam
1110 1458 1219 1490 radiosa
1240 1461 1349 1504 objecti

108 1494 213 1539 species
236 1500 364 1528 intumit.

155 1541 218 1570 IV.
253 1542 293 1571 At
311 1551 379 1571 vero
398 1551 464 1571 cum
480 1539 561 1572 focus
580 1540 628 1572 lon
653 1545 693 1573 ius
714 1541 729 1572 ὲ
747 1544 822 1574 vitro
841 1543 943 1580 distat,
963 1544 1051 1588 quam
1064 1555 1096 1576 ut
1114 1543 1199 1576 tubus
1216 1544 1347 1576 adhiberi

108 1592 217 1624 queat,
235 1594 267 1613 ac
286 1583 322 1614 de
343 1586 427 1614 noste
446 1583 508 1615 sunt
531 1553 668 1616 faciendiae
684 1584 896 1618 observationes
913 1610 922 1623 ‚
942 1598 1002 1619 tum
1022 1600 1064 1619 res
1085 1589 1123 1618 cst
1144 1591 1260 1630 majoris
1275 1600 1345 1632 ope-

107 1634 155 1655 tae.
182 1625 215 1656 Id
238 1630 317 1657 enim
335 1627 496 1657 cavendum
515 1629 552 1658 est
571 1639 601 1658 ut
619 1629 721 1659 astrum
741 1628 832 1672 ipsum
856 1641 911 1660 una
931 1642 996 1662 cum
1017 1634 1092 1662 vitro
1113 1630 1259 1672 objeffivo
1273 1654 1282 1666 ‚
1311 1635 1343 1662 δε

107 1667 216 1699 oculari
228 1692 238 1706 ‚
255 1669 334 1712 quod
350 1681 437 1700 manu
452 1671 607 1713 regendum
623 1672 661 1703 est
673 1693 681 1706 ‚
703 1674 733 1702 in
750 1672 848 1703 eadem
866 1676 939 1705 refta
960 1674 1148 1705 collocentur.
1174 1674 1207 1705 ld
1225 1674 1341 1716 quidtm

106 1709 226 1742 difficile
246 1713 402 1744 admodum
427 1714 483 1748 est,
507 1715 585 1758 quod
605 1718 713 1747 vitrum
730 1715 908 1758 objestivum
922 1718 997 1760 aegie
1012 1721 1193 1761 percipiatur.
1219 1719 1343 1761 Optima

105 1764 200 1785 autem
221 1756 385 1787 inveniendi
402 1755 498 1787 sitieris
517 1770 548 1788 ea
565 1758 603 1788 est
619 1760 690 1788 tatio
702 1783 711 1797 ,
731 1770 762 1789 ut
791 1760 886 1790 charta
904 1760 1025 1792 candida
1041 1764 1070 1791 in
1093 1762 1158 1791 loco
1175 1762 1232 1791 foci
1248 1760 1342 1791 collo-

107 1807 206 1834 cetur,
225 1810 308 1842 atque
325 1800 365 1831 ibi
386 1799 479 1830 lucida
501 1800 596 1831 sideris
613 1804 708 1843 imago
723 1813 864 1844 quaeratur
885 1817 892 1834 ι
914 1804 974 1834 haec
987 1816 1055 1834 vero
1079 1805 1142 1835 satis
1160 1804 1235 1834 clara
1255 1806 1342 1835 nocht

108 1840 266 1882 apparebit.
289 1844 368 1873 Tum
387 1844 416 1874 id
438 1844 529 1874 {latim
549 1842 732 1874 efficiendum
747 1871 756 1884 ‚
779 1857 810 1876 ut
835 1849 931 1889 imago
953 1846 1012 1890 ipsa
1030 1852 1059 1876 in
1081 1847 1207 1877 medium
1221 1846 1341 1877 ocularis

107 1886 175 1914 vitri
188 1885 295 1916 incidat
307 1907 317 1921 ,
337 1897 397 1928 quo
411 1886 509 1918 oculus
523 1886 603 1918 illam
622 1889 767 1930 percipiat.
792 1889 883 1931 Qod
902 1893 998 1932 utique
1018 1893 1067 1920 vix
1084 1889 1148 1920 fieti
1163 1890 1250 1931 potest
1263 1915 1270 1928 ‚
1289 1889 1341 1921 nisi

106 1925 178 1957 adfit
198 1929 301 1968 aliquis
314 1954 322 1967 ‚
340 1933 389 1973 qui
407 1930 520 1961 oculare
538 1934 645 1962 vitrum
664 1933 695 1961 ni
715 1929 781 1963 loco
797 1935 929 1976 imaginis
950 1933 1074 1964 collocet
1089 1955 1100 1968 ‚
1120 1932 1189 1963 dum
1205 1932 1341 1963 observa-

108 1979 155 2002 tor
173 1982 221 2011 pet
244 1975 351 2003 vitrum
370 1984 434 2004 eam
453 1976 586 2005 intuetur.

159 2014 230 2044 Non
255 2014 365 2057 poss'utn
388 2017 444 2047 hoc
466 2016 532 2048 Ioco
558 2016 669 2048 filentio
698 2020 913 2060 praetermittere
940 2018 1107 2059 praeclarum
1131 2040 1140 2053 ,
1172 2021 1201 2048 &
1227 2016 1246 2047 fi
1271 2017 1341 2059 quid

111 2055 191 2089 aliud
205 2058 243 2090 cst
267 2061 297 2090 in
316 2061 469 2103 Dioptrica
490 2059 559 2094 utile
583 2063 753 2097 inventum,
776 2061 855 2103 quod
880 2061 920 2092 D.
943 2061 1099 2104 Homberg
1123 2063 1236 2092 incunte
1263 2071 1339 2092 anno
