1638 2345
287 127 321 157 52
559 115 737 146 REGIAE
796 111 1207 145 SCIENTIARUM

171 159 260 187 Avu-
284 159 418 189 insertum
447 156 500 190 fuit
517 181 525 194 ,
548 162 590 190 uti
614 163 644 190 &
667 158 795 199 ejusdem
823 158 954 187 Auctoris
977 155 1128 185 Txastatus
1153 154 1189 184 de
1211 156 1319 183 ratione
1345 153 1510 185 inveniendi

172 206 257 238 ¹068.
284 213 427 244 tangtntes
447 213 597 233 curvarum
617 211 851 243 quarumcunque
872 198 1011 229 linearum
1029 209 1078 241 per
1096 207 1190 228 morus
1207 194 1394 239 compositos.

322 247 376 277 lv.
422 248 456 276 In
473 256 508 275 eo
529 247 665 276 Traetatu
692 244 821 288 primum
838 241 972 285 quasdam
994 251 1099 271 vocum
1127 238 1308 270 definitiones
1333 250 1412 270 more
1432 241 1512 270 Geo-

284 290 405 319 metrico
429 291 597 332 praemittit5
618 288 688 330 quid
712 287 790 318 linear:
812 284 970 328 limplicis,
991 283 1060 326 quid
1080 281 1243 326 compofita:
1267 284 1386 312 nomine
1406 282 1513 314 intelli-

284 343 339 375 gar.
379 330 465 361 Illam
489 329 542 362 effe
565 334 604 362 ait
630 330 771 372 ejusmodi
791 341 822 361 ut
844 332 872 359 in
895 327 980 371 plano
1004 325 1099 370 positae
1123 337 1185 368 pars
1211 335 1385 367 unaquaeque
1411 336 1433 354 a:
1455 325 1514 356 uali

283 374 412 417 ejusdem
433 374 514 405 lineae
537 377 609 417 parti
633 385 789 417 congruere
811 383 858 403 ant
886 374 972 414 aptari
996 368 1092 413 possit.
1119 372 1215 410 Hujus
1238 371 1350 411 generis
1379 368 1418 398 est
1450 379 1515 399 inea

284 420 378 454 resta,
398 428 444 448 aut
466 418 685 449 circunferentia
704 415 814 449 circuli.
828 414 942 454 Qbus
961 415 1020 444 hacc
1036 414 1111 444 deest
1125 415 1283 456 proprietas
1298 433 1308 446 ‚
1327 422 1365 441 cm
1379 410 1436 442 dici
1447 411 1513 454 pos-

285 461 350 492 sunt
372 460 547 504 compofitae.

318 515 344 537 2.
357 505 458 535 Motus
477 502 629 535 uniformis
646 508 668 535 is
685 504 735 539 est,
754 513 814 545 quo
831 501 938 533 mobile
953 500 1101 532 velocitate
1117 497 1226 542 semper
1238 496 1286 528 sibi
1299 496 1398 539 :equali
1413 497 1513 533 fertur,

285 546 360 578 secus
378 558 472 578 motus
496 547 534 576 est
555 546 699 578 difformis
713 557 759 576 aut
777 544 950 587 irregularis.

321 603 347 629 3.
376 592 537 620 Potentiam
559 601 644 622 vocat
665 593 724 620 vim
741 588 900 630 quamlibet
917 588 1079 618 motriccm.
1104 585 1172 614 Hoc
1192 587 1268 614 enim
1289 582 1354 613 loco
1380 586 1417 614 ita
1438 587 1515 613 acci-

286 637 382 676 pirur,
410 643 547 677 quatenus
572 631 726 664 diversitati
737 643 869 663 motuum
883 629 1087 673 cognoscenda:
1102 627 1181 658 utilis
1199 627 1255 658 est:
1271 624 1377 657 tametsi
1395 638 1428 656 eo
1439 637 1516 668 quo-

286 687 342 718 que
363 679 481 707 nomine
502 675 600 720 sxpius
619 688 653 706 ea
674 679 717 707 vis
745 673 906 717 designatur
929 684 991 716 quae
1014 672 1135 716 ponderi
1159 670 1319 701 sustinendo
1334 690 1344 703 ‚
1366 680 1412 700 aut
1433 669 1514 700 alteri

287 719 401 751 effestui
424 730 473 762 par
491 719 540 751 est.

324 775 352 800 4.
380 761 533 805 Impreffio
551 773 597 794 aut
619 766 741 806 impetus
767 764 805 793 est
828 762 917 802 hujus
937 763 980 790 vis
1005 759 1136 789 morticis
1155 757 1241 787 actio.

314 820 337 848 5.
366 808 455 838 Linea
478 805 644 838 directionis
662 817 694 837 ea
706 806 744 836 est
768 816 816 848 pet
838 816 923 847 quam
949 805 1080 846 potentia
1107 808 1205 830 movet
1221 808 1322 841 corpus
1341 795 1460 828 mobile.

318 855 348 882 6.
371 847 570 892 Impreffiones
593 848 697 881 similes
715 849 868 883 dicuntur,
896 858 941 878 aut
957 844 1074 877 diversae
1089 867 1098 880 ,
1123 853 1154 873 ut
1170 840 1251 872 linecc
1276 841 1441 871 directionis
1457 838 1517 871 sunt

288 896 363 923 inter
379 893 405 923 se
418 891 571 936 parallellae
587 904 633 924 aut
645 892 731 923 secus.

321 937 391 967 Duo
405 945 498 967 autem
518 938 547 965 in
569 935 695 967 motibus
711 934 835 965 maxim&
858 933 1037 977 spectantur,
1063 927 1183 959 direffio
1206 931 1236 959 δε
1265 927 1402 958 celeritas.
1430 926 1518 956 Circa

288 978 466 1010 direffionen
486 978 541 1008 hoc
561 982 673 1010 axioma
687 980 842 1020 praemittit.
871 980 922 1007 Vis
942 977 1048 1006 mottix
1066 982 1121 1013 qua
1136 971 1244 1002 mobile
1257 968 1518 1000 circumferentiam

288 1023 386 1054 circuli
404 1031 487 1052 motu
512 1019 561 1051 suo
581 1021 713 1053 describit
734 1043 743 1056 ,
761 1021 799 1051 est
824 1020 899 1050 linea
924 1013 1164 1062 perpendicularis
1189 1013 1226 1044 ad
1257 1014 1396 1055 punrstum
1425 1022 1520 1042 extre-

290 1077 372 1097 mum
391 1065 462 1096 radii
479 1085 489 1098 ,
512 1066 541 1094 in
565 1075 623 1106 quo
644 1064 753 1095 mobile
770 1066 928 1106 reperitur,
950 1072 996 1091 aut
1019 1059 1134 1090 brevius
1147 1057 1207 1093 ,est
1230 1057 1306 1087 reeta
1322 1066 1384 1098 quae
1406 1057 1436 1085 in
1462 1054 1519 1085 hoc

290 1112 398 1152 puncto
417 1110 506 1148 tangit
527 1107 678 1139 circulum.

324 1153 384 1183 Res
405 1152 464 1194 ipsa
482 1148 531 1180 fiet
554 1147 739 1184 illustrior‚s1
756 1151 855 1191 Figura
870 1145 1049 1177 adhibeatur.

317 1195 359 1226 Sit
379 1192 497 1229 mobile,
509 1192 589 1236 quod
603 1204 684 1226 motu
696 1192 743 1224 suo
755 1190 892 1223 describit
916 1188 1166 1220 circunferentiam
1186 1183 1284 1217 circuli
1299 1184 1325 1216 G
1344 1186 1364 1215 B
1380 1186 1398 1216 F
1413 1187 1442 1216 in
1461 1195 1519 1228 pun

590 1865 620 1897 ,9
888 1865 921 1890 Δ

299 1985 346 2013 do
370 1983 392 2012 B
416 1992 544 2014 extremo
565 1979 781 2013 semi-diametri
808 1979 855 2013 A;
886 1980 908 2008 B
933 1979 977 2007 cui
1005 1973 1107 2006 insistat
1128 1973 1162 2005 ad
1189 1970 1420 2016 perpendiculum
1448 1973 1469 2002 B
1493 1972 1521 2002 C

298 2026 365 2056 dico
396 2025 468 2056 hanc
497 2027 603 2055 restam
632 2020 688 2054 else
718 2021 884 2052 directionis
912 2019 1017 2050 lineam
1048 2029 1097 2061 per
1128 2028 1217 2059 quam
1245 2014 1352 2047 mobile
1373 2017 1394 2045 B
1419 2026 1522 2045 move..

300 2079 363 2105 tur,
386 2080 451 2100 curn
473 2069 538 2099 huic
560 2069 668 2111 pundko
689 2065 769 2096 inest.
782 2065 875 2104 Cujus
897 2066 969 2094 ratio
995 2059 1113 2102 Physica
1133 2063 1192 2091 haec
1210 2058 1308 2090 afferri
1325 2058 1424 2099 potest,
1441 2056 1521 2099 quod

298 2110 377 2143 nulla
392 2110 531 2155 designari
551 2122 635 2155 queat
656 2108 709 2141 alia
733 2107 898 2140 dixeffioms
921 2105 996 2138 linea
1010 2127 1020 2141 ‚
1046 2102 1161 2148 qualem
1186 2101 1207 2134 st
1229 2105 1291 2146 quis
1317 2101 1392 2132 forti:
1417 2100 1520 2132 dixerit
