1638 2345
325 141 384 169 226
645 130 815 163 REGIAE
851 129 1234 162 SCIENTIARUM

207 182 298 212 ΛΝΝ.
322 176 530 222 aliquantulum
551 177 634 219 liujus
651 179 737 206 urinae
766 175 877 217 spiritus
901 177 976 205 vitro
996 176 1128 217 imponas
1145 196 1155 210 ‚
1183 177 1264 218 eique
1285 171 1415 205 affundas
1432 172 1490 205 olei
1509 173 1557 207 xri-¹

184 254 188 257 ,
206 229 290 262 1684.
323 223 400 255 trioli
416 221 539 265 guttulas
550 243 558 256 ‚
576 231 635 250 rum
647 230 706 249 non
720 221 816 248 minor
831 216 862 248 fit
880 218 1045 262 strepitus&
1061 220 1088 248 in
1103 228 1204 248 omncs
1215 228 1306 260 partes
1319 217 1456 254 vibratio,
1469 229 1557 261 quam

322 266 487 305 1if1igidam
501 269 528 295 in
546 265 652 293 ferrum
664 262 789 293 candens
805 272 974 300 conjiceres.
1002 272 1032 296 4.
1049 262 1169 303 Spiritus
1187 264 1275 292 urinae
1289 272 1353 292 eum
1367 260 1434 292 forti
1447 261 1559 292 virrioli

323 300 464 341 solutione
483 312 511 338 in
532 305 607 336 virid
648 304 801 348 coagulum
827 304 906 335 abiit.
933 306 979 334 Sic
1000 304 1096 334 oleum
1122 303 1230 335 vitrioli
1253 316 1318 336 cum
1338 303 1446 335 fecibus
1466 304 1558 347 reguli

321 354 474 384 anrimonii
497 353 524 380 in
549 348 602 379 cell
643 348 822 379 subterranea
847 347 980 378 exsolutis
1008 350 1036 378 in
1067 346 1147 378 rubei
1172 348 1277 379 coloris
1304 347 1456 390 coagulum
1483 357 1559 378 con..

321 408 419 426 crevnr.
457 392 570 425 Oleum
594 392 693 424 itidem
719 391 827 422 vitrioli
850 403 904 422 una
936 402 1002 421 cum
1025 390 1110 422 calcis
1130 393 1202 420 vivae
1234 390 1403 422 decoctione
1431 394 1461 422 ὅ(
1482 393 1561 423 aurii

320 443 470 481 pigmento
484 436 612 467 colorem
633 434 742 465 flavum
757 438 786 465 δέ
810 434 1034 476 pulcheirimum
1052 436 1220 477 procreavit.

351 474 479 513 ”v111.
521 481 577 510 His
600 479 730 521 quaedam
758 477 883 519 analyscs
904 477 1049 519 liquorum
1070 479 1119 518 qui
1142 488 1175 506 ex
1203 478 1328 508 humano
1352 487 1472 520 corpore
1497 477 1560 510 sunt

322 524 417 555 edue'ti
436 547 444 559 ,
469 522 601 563 subjec'toe
626 535 633 553 ς
655 533 667 562 5
695 520 777 551 librat
803 531 882 562 aquae
901 532 933 551 ex
958 520 1118 562 hydropico
1143 531 1191 561 per
1211 519 1409 564 paracentcfim
1431 520 1447 549 ὲ
1474 520 1560 552 fratre

322 568 362 596 D.
383 569 433 598 Du
449 571 563 606 Verney
586 569 616 596 &
638 562 806 608 peritiss'imo
823 564 972 605 Chirurgo
985 563 1092 594 educta:
1114 576 1120 594 :
1145 562 1288 606 liquorem
1308 563 1489 607 praebuerunt
1504 563 1560 596 sale

321 610 433 642 volatili
453 612 557 640 foetum
573 631 582 644 ,
600 612 630 639 &
649 608 718 638 duas
736 607 793 638 olei
811 610 917 637 uncias.
943 607 1015 638 Aliae
1031 606 1155 646 ciusdem
1178 617 1256 648 aquae
1277 606 1357 638 faCtae
1377 606 1439 638 sunt
1457 606 1557 648 analy-

321 652 362 684 ses
382 676 392 690 ‚
414 666 476 698 qua:
499 663 599 684 omncs
623 651 745 695 probant
768 650 912 693 ejusmodi
932 661 1018 693 aquas
1041 650 1095 681 sale
1114 650 1225 681 volatili
1246 654 1305 682 imo
1325 654 1356 682 &
1381 648 1440 681 fixo
1463 650 1556 689 abunff

320 695 398 727 dare.
1306 690 1331 722 δ

366 742 429 771 IX.
471 740 544 770 Tres
563 737 704 781 sanguinis
725 738 843 768 humani
871 736 950 768 librae
971 747 997 775 33
1025 736 1084 768 fere
1107 736 1226 779 liquoris
1247 737 1346 768 uncias
1369 737 1562 777 praebuerunt:

322 785 383 823 Qi
402 785 488 826 primi
507 785 636 813 exierunt
655 780 780 824 liquores
794 803 804 816 ‚
829 780 883 811 sale
898 779 1011 810 volatili
1029 791 1106 811 erant
1121 782 1300 824 impraegnati
1321 794 1327 811 ι
1348 780 1393 811 sed
1413 784 1449 812 ita
1470 791 1500 812 ut
1515 780 1559 816 fir,

321 827 369 857 hic
393 830 422 858 in
445 826 592 870 postremis
616 836 674 855 erat
702 823 817 855 uberior
834 836 842 859 ⁴,
862 822 919 854 olei
938 835 1057 866 quatuor
1072 826 1161 855 uneiae
1176 846 1186 858 ,
1208 823 1414 864 ralis-volatilis
1435 826 1561 855 concreti

322 879 378 900 tres
392 869 534 900 drachmae
549 892 557 904 ‚
580 878 664 910 caput
678 878 825 898 mortuum
846 866 1004 897 admodum
1026 866 1086 897 leve
1108 870 1138 897 &
1160 866 1344 909 spongiosum
1364 867 1426 911 post
1443 866 1487 897 sex
1505 868 1560 897 ho-

323 922 418 943 rarum
432 913 651 943 calcinationem
670 910 788 941 rubeum
810 909 939 940 colorem
957 910 1070 945 induit,
1094 909 1155 940 salis
1172 908 1221 940 fixi
1241 910 1303 941 dua:
1316 909 1458 941 drachmae
1477 922 1509 940 ex
1525 921 1560 940 co

323 954 432 986 eductae
449 968 455 986 :
471 966 505 985 ex
525 954 634 986 duabus
646 953 727 984 libris
746 957 775 984 &
791 954 858 983 oc‘to
875 955 966 984 unciis
980 952 1105 996 lympha?
1122 952 1246 997 liquores
1255 965 1368 997 quoque
1380 953 1434 984 sale
1450 952 1562 985 volatili

324 997 392 1029 foeti
417 1002 558 1029 exierunt.

369 1043 409 1073 X.
447 1041 528 1072 Alias
548 1043 632 1072 mitro
652 1051 713 1071 tum
737 1039 898 1083 plantarum
912 1062 921 1076 ‚
942 1051 1002 1072 tum
1027 1038 1129 1071 osfium
1154 1043 1184 1071 &
1205 1042 1333 1070 carnium
1353 1039 1479 1081 analyses
1500 1038 1559 1083 quo

321 1083 356 1115 ad
380 1084 541 1127 generalem
572 1082 719 1124 Phyficam
751 1083 927 1126 progrediar.
965 1082 1201 1115 Diffettationem
1218 1083 1253 1113 de
1275 1094 1427 1114 ventorum
1450 1086 1561 1126 origine

321 1126 391 1169 legit
407 1130 444 1159 D.
464 1130 622 1166 Marione,
643 1125 688 1157 scd
701 1126 781 1157 brevi
800 1127 860 1169 post
875 1137 1005 1170 tempore
1028 1129 1056 1156 in
1076 1125 1209 1157 morbum
1232 1125 1366 1157 lethalem
1385 1126 1507 1161 incidit,
1529 1137 1561 1157 ac

324 1171 419 1201 mense
440 1173 522 1202 Maio
541 1170 618 1201 diem
638 1169 717 1200 suum
739 1169 812 1200 obiit
833 1183 839 1200 :
862 1182 951 1213 neque
969 1171 1028 1200 haec
1044 1168 1199 1200 differ-tatio
1215 1172 1244 1199 in
1261 1172 1483 1200 commentarios
1507 1169 1562 1200 fuit

322 1214 419 1246 relata.
456 1217 530 1255 Qae
557 1212 621 1244 ess'et
639 1212 717 1243 illius
740 1212 775 1243 de
797 1215 945 1255 praecipuis
965 1224 1115 1243 ventorum
1137 1211 1223 1243 caufis
1241 1212 1376 1244 sententia
1391 1235 1401 1248 ‚
1424 1212 1562 1255 exposui-

323 1268 386 1287 mus
407 1259 438 1288 in
455 1261 557 1299 quinto
573 1256 722 1286 volumine
737 1254 845 1286 Philos.
866 1260 968 1286 veteris
990 1260 1018 1286 ἃ
1039 1267 1120 1286 nova:
1136 1267 1163 1298 p.
1182 1267 1242 1291 240
1257 1257 1403 1298 postrema:
1416 1257 1560 1288 editionis.

325 1301 422 1341 Hujus
438 1303 492 1330 viri
512 1301 661 1342 ingenium
681 1309 742 1328 acre
760 1300 892 1328 omnium
907 1298 1122 1341 disciplinarum
1142 1310 1226 1340 capax
1245 1320 1253 1333 ,
1276 1299 1468 1329 eruditionem
1484 1298 1561 1329 sum-

322 1353 400 1373 mam
424 1342 500 1374 edita
522 1342 558 1373 ab
579 1353 614 1372 eo
632 1353 720 1383 opera
744 1340 898 1373 declarant.
935 1343 1023 1372 Anno
1052 1347 1130 1379 1667
1150 1341 1188 1372 ob
1207 1339 1375 1383 fingulartm
1397 1341 1561 1373 doctrinam

323 1387 398 1417 inter
417 1385 605 1417 Academicos
628 1384 756 1416 adlectus
780 1384 879 1415 fuerat.
918 1386 950 1414 In
971 1396 1005 1415 eo
1030 1387 1206 1415 inventionis
1236 1394 1353 1414 acumen
1383 1395 1448 1415 curn
1470 1383 1562 1427 perfi-

323 1429 417 1460 ciendi
435 1428 569 1459 industria
583 1428 770 1469 conjun&urn
792 1427 900 1470 semper
917 1426 1015 1458 eluxit.
1039 1428 1131 1469 Cujus
1153 1430 1192 1457 rei
1213 1425 1300 1457 fidem
1319 1427 1427 1459 faciunt
1447 1438 1508 1469 quae
1530 1430 1561 1458 in

323 1471 443 1503 decursu
466 1472 549 1512 hujus
569 1474 662 1514 operis
688 1470 894 1501 dissertationes
916 1468 978 1501 sunt
994 1470 1085 1501 allatae
1097 1493 1106 1505 ‚
1128 1469 1239 1500 solertia
1255 1472 1283 1500 in
1301 1473 1502 1512 experimentis
1518 1469 1563 1502 fa.

323 1515 432 1546 ciendis
455 1518 484 1545 in
501 1526 535 1545 eo
549 1513 601 1545 fuit
614 1525 687 1558 pene
702 1512 877 1545 incredibilis
893 1536 902 1549 ‚
919 1524 1005 1556 eaque
1021 1513 1107 1556 quam
1121 1516 1243 1543 minimo
1261 1512 1372 1556 sumptu
1388 1512 1516 1545 faciebat.

368 1561 396 1588 X
410 1561 432 1589 1.
461 1558 538 1588 Cum
552 1558 606 1588 hoe
626 1568 701 1587 anno
721 1560 856 1587 acerrima
877 1556 985 1587 saevirct
1008 1558 1097 1587 hiems
1110 1579 1117 1591 ‚
1141 1557 1272 1597 quendam
1291 1559 1365 1587 circa
1383 1556 1564 1588 conoelatioa

325 1611 391 1631 nem
421 1601 436 1630 ὲ
466 1603 505 1632 D.
533 1599 661 1632 Perrault
684 1600 757 1631 fieta
780 1601 842 1629 (unt
867 1603 1071 1641 experimenta.
1102 1598 1179 1630 Illud
1200 1612 1227 1630 v.
1244 1611 1286 1641 gr.
1309 1599 1355 1629 die
1377 1612 1405 1632 ιι
1454 1602 1561 1632 anuarii

323 1643 446 1674 advertit
466 1655 569 1685 aquam
589 1646 691 1674 arctius
704 1642 875 1685 conglaciari
892 1647 1033 1673 matutino
1049 1654 1176 1686 tempore
1192 1642 1278 1686 quim
1293 1642 1454 1686 vespertino
1469 1667 1476 1678 ,
1494 1654 1562 1674 eum

324 1697 418 1717 tamen
444 1687 550 1730 aequale
573 1685 661 1729 frigus
686 1687 925 1717 thermometrum
948 1686 1084 1716 indicaret
1101 1708 1109 1721 ,
1140 1686 1219 1728 quod
1238 1697 1322 1716 manc
1345 1697 1445 1717 ventus
1471 1686 1562 1718 vehe-

325 1732 450 1760 mentior
471 1728 613 1772 perflaret.
637 1729 713 1760 Illud
733 1739 848 1772 quoque
869 1729 1070 1760 animadvertit
1087 1740 1189 1772 aquam
1207 1731 1295 1771 magis
1308 1729 1452 1772 congelari
1470 1740 1561 1773 prope

327 1775 393 1803 vitri
414 1772 498 1803 larem
519 1783 604 1814 quam
625 1776 654 1803 in
674 1772 780 1803 medio.

372 1816 414 1845 D.
441 1817 486 1846 De
508 1815 535 1845 la
555 1818 628 1846 Hire
649 1815 769 1858 globum
788 1816 988 1846 rhermometri
1010 1817 1074 1845 nive
1091 1814 1213 1845 obduxit
1236 1837 1245 1850 ‚
1272 1818 1302 1846 δε
1322 1825 1396 1856 aqua
1419 1813 1502 1846 altius
1518 1814 1562 1846 as-

327 1858 424 1890 cendit
451 1872 457 1890 :
482 1858 552 1889 adeo
573 1870 604 1889 ut
626 1862 674 1889 nix
694 1862 752 1889 vim
773 1857 886 1901 frigoris
907 1857 1054 1889 retundere
1075 1857 1291 1901 quodammodo
1307 1858 1445 1889 videatur.

370 1903 448 1933 Cum
478 1903 518 1932 D.
535 1902 646 1932 Thurer
672 1905 699 1931 in
726 1905 895 1932 Barometro
925 1901 997 1932 bene
1014 1924 1022 1936 ‚
1046 1912 1076 1931 ut
1095 1900 1267 1932 existimabar
1285 1923 1294 1936 ,
1319 1900 1441 1944 sigillato
1462 1901 1562 1932 obser-

329 1945 415 1976 vaffet
438 1945 549 1989 pondus
571 1947 643 1974 a'c‘ris
668 1944 770 1975 codem
794 1949 906 1987 prorius
935 1944 1024 1975 modo
1055 1947 1151 1986 augeri
1177 1949 1206 1976 ἃ
1230 1947 1320 1975 minui
1339 1957 1421 1988 atque
1447 1947 1474 1975 in
1499 1944 1561 1975 aliis

331 1988 501 2019 barometris
526 2002 532 2020 z
561 1989 599 2018 D.
623 1989 667 2018 Dc
691 1989 816 2018 Louvois
839 1989 922 2028 hujus
943 1989 1130 2030 pboenomeui
1152 1986 1322 2018 solutionem
1347 1989 1382 2018 ab
1405 1987 1560 2018 Academia

334 2044 381 2073 per
406 2033 447 2062 D.
471 2033 516 2062 De
541 2031 566 2061 la
583 2030 722 2075 Chapelle
741 2031 891 2073 postulavit
915 2045 920 2061 :
943 2031 988 2061 scd
1011 2043 1039 2061 re
1058 2031 1114 2073 ipsa
1135 2031 1299 2074 diligentius
1323 2030 1444 2074 inspmsta
1467 2032 1560 2060 minus

335 2086 462 2107 accurare
480 2074 625 2107 occlusum
648 2078 843 2105 Baromttrum
862 2072 941 2104 suillc
961 2075 1000 2104 D.
1017 2076 1062 2104 De
1078 2074 1101 2103 la
1119 2076 1190 2105 Hire
1208 2075 1298 2118 postca
1311 2077 1458 2116 comperit.
1482 2073 1561 2103 Post-

335 2128 419 2159 quam
439 2122 516 2151 cuim
537 2118 566 2151 id
587 2120 640 2152 tite
667 2117 819 2161 sigillatum
838 2117 890 2148 fuir
905 2140 913 2152 ,
936 2129 993 2148 non
1012 2118 1132 2162 amplius
1153 2120 1311 2150 Barometri
1330 2140 1339 2154 ‚
1362 2117 1407 2148 sed
1432 2116 1562 2147 thermo-
