1638 2345
172 185 260 214 ANN-

176 233 266 265 1667.

283 147 317 174 ¹4
562 132 749 164 REGIAE
783 130 1165 163 SCIENTIARUM

282 180 341 209 auti
358 179 537 221 pigmentum
552 175 631 219 quod
647 177 720 218 ignis
744 173 839 206 calore
856 173 982 216 pondere
996 176 1089 205 minui
1107 172 1177 205 solet
1190 198 1199 212 ‚
1221 176 1316 207 tartari
1338 186 1392 218 ope
1418 173 1510 206 fixum

283 220 415 252 evaseritz
431 224 461 252 &
477 231 525 263 pet
544 230 599 250 tres
613 219 691 249 hora:
706 218 873 261 quadrantes
889 219 949 260 igni
970 216 1116 248 admotum
1128 240 1138 254 ,
1149 222 1247 260 quinta
1267 218 1324 249 fere
1345 217 1385 249 sui
1397 218 1509 261 ponde-

284 268 321 295 ris
342 274 419 306 parte
439 265 600 294 increverit.

326 309 396 338 Hoc
413 306 547 350 ponderis
563 316 746 348 augmentum
761 314 900 334 novarum
922 306 1043 345 partium
1061 302 1207 335 additione
1229 316 1298 347 quas
1312 306 1360 336 aiit
1379 301 1425 334 vel
1437 306 1512 346 ignis

286 350 464 394 suppeditat,
489 347 551 379 fieti
568 360 626 379 non
646 348 803 380 abnuerim.
817 347 898 378 Nam
914 346 992 378 calor
1014 349 1087 389 ignis
1106 357 1214 379 novum
1236 351 1302 379 a'e'ra
1314 347 1350 379 ad
1375 346 1400 377 se
1417 350 1513 377 conti-

286 404 386 424 nenter
404 393 499 423 trahit.
521 393 599 424 Hinc
626 391 725 435 regulo
746 393 898 421 antimonii
920 413 930 426 ,
955 389 1025 422 dtun
1051 389 1136 420 radiis
1160 389 1293 424 solaribus
1313 389 1512 422 inflammaba-

287 447 332 467 tur
346 462 354 472 ,
374 434 541 478 corpuscula
559 434 662 466 fibrosa
685 438 716 466 &c
740 436 845 465 cinerei
861 432 966 464 coloris
988 432 1175 465 adhaerescere
1195 434 1253 465 visa
1276 433 1358 471 sunt,
1378 444 1440 475 qua:
1454 431 1514 463 sul-

287 481 397 522 phurea
421 478 476 510 effe
495 479 562 509 hinc
581 477 743 520 colligitur,
774 476 856 519 quod
882 476 995 519 spiritus
1020 480 1081 507 vini
1102 480 1263 508 antimonio
1277 477 1418 509 calcinato
1439 475 1513 506 affu-

290 523 351 559 sus,
364 523 424 565 post
444 522 568 564 aliquam
581 521 769 563 digestionem
779 519 894 550 rubram
913 521 1066 551 tinerurarn
1087 530 1123 550 ex
1146 531 1180 550 eo
1206 519 1337 563 decerpat
1357 543 1367 556 ,
1393 530 1514 562 cumque

289 569 480 596 antimonium
501 575 645 595 remaneat
680 562 807 606 ejusdem
825 560 937 606 prorsus
961 562 1113 606 ponderis,
1127 573 1210 606 atque
1229 574 1288 594 erat
1307 575 1371 595 ante
1390 561 1516 594 calcina-

291 611 407 638 tionem.

330 650 405 682 Illud
420 662 533 694 quoque
550 650 588 680 est
608 646 773 680 veriffimile
783 670 792 683 ‚
807 647 991 678 mineralibus
1004 646 1160 691 sulphureis
1179 652 1268 690 majus
1278 649 1389 692 pondus
1404 648 1516 680 accede-

291 705 320 724 re
333 717 342 730 ,
366 694 414 725 ubi
437 697 465 725 in
490 694 596 725 calcem
611 692 786 724 rediounmr.
809 693 857 722 Sic
879 691 1008 722 stannum
1030 690 1120 722 multo
1138 691 1267 735 sulphure
1284 691 1430 723 abundat:
1449 702 1517 724 nam

291 748 346 768 una
376 749 441 768 cum
460 735 515 767 sale
535 747 620 780 pettae
641 719 796 770 fulminat,
821 733 905 778 idque
929 732 1097 765 calcinatum
1124 733 1157 764 fit
1184 735 1275 765 multo
1299 739 1411 778 gravius
1452 746 1518 767 uam

292 791 382 812 antea.
403 779 508 810 Eadem
528 780 566 810 est
580 778 690 823 plumbi
715 781 786 808 ratio
809 777 889 820 quod
906 780 934 807 in
957 776 1027 807 folia
1047 776 1208 808 tenuissima
1229 777 1376 809 diduStum
1403 747 1520 809 inlam-

293 834 396 854 matur.
415 825 476 863 Qi
501 821 564 854 vasa
584 821 683 853 fictilia
703 823 733 852 ὅ(
751 820 870 852 candida
884 818 1059 859 conficiunt,
1075 820 1150 851 idem
1169 821 1310 856 testantur,
1343 833 1406 852 100
1424 820 1520 865 plum-

293 865 323 896 bi
347 864 450 901 libras,
473 869 503 897 ὅ(
527 877 563 905 50
589 866 679 896 stanni
699 875 755 895 una
782 862 834 894 fusi
853 863 914 907 post
936 862 1155 894 calcinationem
1183 876 1219 896 η
1240 863 1337 895 saltem
1362 863 1440 896 libiis
1454 876 1518 907 gra-

294 911 388 939 viores
403 907 474 940 fieti.
494 911 575 951 Qin
595 913 626 941 &
640 907 739 938 lateres
756 911 764 938 i
788 905 806 937 si
825 909 956 937 coctione
972 905 1043 937 fiunt
1058 910 1212 949 graviores.
1228 909 1299 939 Haec
1321 919 1414 938 tamen
1431 910 1520 939 acrio-

295 963 325 982 re
341 962 425 994 egent
444 955 595 987 examine,
616 962 684 982 num
700 920 812 994 pond'us
833 949 878 981 his
895 949 1079 981 mincralibus
1099 950 1209 982 accedat
1227 951 1242 980 ἐ
1263 949 1326 982 vase
1347 951 1406 994 ipso
1424 949 1521 982 ferreo

294 1005 342 1025 aut
362 1006 486 1039 cupreo,
506 995 584 1038 quod
606 994 708 1037 adjesti
726 992 793 1024 sales
815 993 947 1024 exedunt.
973 994 1053 1024 Nam
1073 994 1111 1023 D.
1135 993 1279 1025 Bouleduc
1302 1005 1389 1037 nuper
1408 998 1437 1025 in
1449 994 1522 1025 Aca-

295 1037 392 1069 demia
413 1038 524 1068 testatus
545 1038 584 1067 cst
604 1039 796 1067 antimonium
822 1036 941 1067 crudum
962 1039 993 1066 in
1009 1035 1072 1066 vase
1097 1034 1178 1066 fictili
1200 1036 1369 1068 calcinatum
1396 1038 1523 1082 pondere

296 1083 479 1111 imminutum
502 1079 592 1111 fuisse.
618 1082 687 1121 Qa
703 1078 738 1110 de
754 1091 783 1110 re
798 1078 868 1110 alius
889 1078 1001 1110 fortaffe
1024 1091 1150 1110 occurret
1167 1079 1280 1111 dicendi
1303 1079 1391 1111 locus.

335 1125 390 1154 lv.
408 1123 591 1155 Eruditorum
611 1123 709 1166 scripta
719 1134 781 1165 quae
796 1121 901 1165 publici
912 1125 981 1164 juris
998 1120 1070 1152 fiunt
1083 1144 1090 1155 ‚
1105 1134 1221 1165 quaeque
1231 1123 1434 1167 promovenda·
1457 1123 1526 1155 huic

298 1165 418 1197 scientia:
437 1166 579 1202 serviunt,
592 1165 755 1208 diligentius
770 1175 931 1208 exponere,
948 1177 1064 1208 qua-quc
1081 1163 1152 1195 fiunt
1170 1177 1202 1195 ex
1228 1169 1362 1197 erimenta
1378 1167 1522 1197 interdum

299 1220 444 1252 repetere,
468 1210 551 1254 idque
569 1213 598 1241 in
623 1209 705 1240 rebus
723 1208 874 1248 Chymicis
889 1219 948 1238 non
971 1207 1071 1239 inutile
1094 1207 1154 1238 fore
1168 1179 1322 1250 judicatum
1349 1208 1411 1242 fuit.
1431 1209 1524 1240 Nulla

299 1256 377 1283 enim
399 1264 441 1283 ars
456 1253 493 1283 est
514 1257 596 1284 novis
616 1255 740 1283 inventis
765 1250 906 1287 feracior,
931 1251 1090 1283 dummodo
1111 1250 1126 1280 ἆ
1148 1255 1222 1283 veris
1241 1254 1373 1284 trastctur
1395 1252 1525 1284 Philoso-

300 1295 383 1338 phis,
401 1296 646 1339 quemadmodum
668 1298 697 1325 in
719 1293 836 1329 Gallia,
859 1294 938 1325 ltalia
955 1317 964 1330 ‚
980 1294 1087 1337 Anglia
1099 1321 1108 1330 ‚
1127 1294 1227 1338 Belgio
1239 1321 1248 1331 ‚
1274 1299 1442 1332 Germania,
1462 1297 1525 1327 Da-

300 1341 347 1368 nia
366 1342 422 1379 jam
438 1339 453 1369 a
477 1339 575 1371 multis
597 1341 677 1370 annis
699 1336 762 1368 ficri
785 1341 927 1368 novimus.

337 1382 415 1412 Cum
436 1386 530 1426 paucis
549 1393 614 1414 ante
633 1380 774 1412 mensibus
797 1381 923 1412 eruditus
941 1381 1071 1412 Medicus
1087 1382 1128 1412 D.
1143 1383 1233 1411 Givre
1248 1403 1256 1416 ‚
1269 1384 1299 1412 δέ
1319 1385 1346 1412 in
1359 1392 1418 1413 arte
1437 1382 1526 1422 chy-

301 1428 374 1455 mica
388 1424 513 1456 versatus
529 1424 634 1457 librum
653 1423 791 1467 vulgaffet
800 1424 836 1455 de
849 1427 926 1468 aquis
939 1423 1122 1455 mineralibus
1135 1437 1196 1468 quae
1213 1425 1332 1455 Provini
1357 1437 1385 1456 v.
1404 1426 1526 1457 l'rovins

302 1472 498 1511 reperiuntur,
515 1468 613 1512 easque
631 1468 756 1498 alumine
770 1471 800 1498 &
818 1466 887 1498 fetri
907 1479 979 1498 vena
1001 1470 1194 1511 imptaegnatas
1218 1479 1325 1511 putatet
1339 1466 1527 1503 3dj1sertatio-

303 1522 369 1541 nem
388 1523 419 1541 ea
435 1511 470 1543 de
489 1523 517 1542 re
536 1510 697 1556 conscripsit
721 1512 761 1543 D.
780 1512 829 1540 Du
844 1510 937 1546 Clos,
960 1514 990 1541 in
1003 1522 1059 1554 qua
1071 1510 1143 1542 iilud
1162 1511 1333 1542 conco-{abar
1350 1514 1455 1543 Autori
1468 1523 1527 1543 non

303 1565 492 1585 atramentum
509 1577 518 1590 ‚
540 1555 586 1585 seu
607 1555 773 1588 vimulum,
793 1565 850 1584 non
867 1552 973 1584 ferrum
999 1554 1110 1596 ipsum,
1133 1553 1179 1584 scd
1197 1565 1297 1584 venam
1321 1554 1387 1586 ferri
1408 1554 1529 1586 mollio*

305 1608 365 1627 rem
382 1619 390 1632 ‚
413 1597 457 1627 seu
473 1610 522 1628 ens
542 1601 667 1641 primum
693 1598 760 1628 terri
773 1619 782 1632 ,
807 1608 837 1627 ut
859 1596 1014 1641 loquuntur
1029 1598 1166 1640 Cliymici
1180 1623 1187 1633 ,
1205 1609 1267 1627 eam
1279 1598 1437 1629 aciditatcm
1448 1602 1528 1641 aquis

306 1638 473 1683 ferrugineis
494 1644 653 1684 impartim
672 1640 718 1671 sed
740 1640 857 1683 negabat
878 1640 991 1684 prorsus
1004 1652 1034 1670 ca
1049 1643 1076 1670 in
1102 1652 1130 1670 re
1145 1640 1389 1684 quemadmodum
1408 1642 1447 1671 D.
1477 1644 1529 1673 Gi.

307 1694 357 1714 vre
371 1683 544 1721 existimabat
559 1684 630 1714 ullas
649 1683 702 1714 esse
715 1682 848 1713 aluminis
870 1694 961 1727 partes
974 1698 979 1714 :
997 1695 1054 1713 non
1076 1687 1153 1714 enim
1171 1683 1282 1716 alumen
1296 1687 1324 1714 in
1343 1687 1376 1715 iit
1390 1688 1468 1727 aquis
1483 1685 1529 1715 ul-

309 1724 370 1757 lum
395 1724 554 1766 invenitur,
573 1739 662 1771 neque
681 1726 710 1757 id
733 1727 811 1769 gustu
835 1736 882 1756 aut
910 1726 971 1757 ullo
991 1726 1053 1757 satis
1077 1727 1181 1758 idoneo
1201 1738 1368 1769 argumento
1385 1727 1411 1757 sc
1422 1728 1529 1771 prodit.

310 1769 428 1800 Vitrioli
450 1770 564 1801 aciditas
587 1781 715 1815 pungens
735 1769 820 1811 longe
837 1769 946 1800 diversa
960 1771 998 1800 cst
1017 1769 1052 1800 ab
1073 1782 1104 1800 ca
1119 1769 1248 1800 aciditate
1267 1781 1329 1813 qua:
1344 1774 1373 1800 in
1393 1771 1530 1814 Spudanis

312 1815 342 1843 &
367 1812 428 1843 aliis
444 1817 521 1856 aquis
540 1817 690 1857 percipitur
705 1836 714 1848 ‚
739 1813 853 1857 qualem
877 1815 905 1843 in
921 1825 992 1843 vena
1015 1811 1082 1843 ferti
1097 1813 1233 1856 quamdiu
1247 1817 1275 1843 in
1303 1825 1374 1844 terra
1391 1813 1531 1846 delitescit

310 1855 472 1886 observavit
492 1858 584 1887 Autor
603 1856 736 1887 laudatus.
760 1856 890 1887 Eundem
910 1860 985 1887 enim
1006 1860 1033 1887 in
1055 1856 1098 1886 hi>
1118 1859 1195 1899 aquis
1217 1855 1345 1900 saporem
1369 1855 1453 1887 intffc
1470 1861 1529 1893 nit,

311 1910 397 1941 quem
415 1902 443 1929 in
465 1904 543 1942 aquis
568 1899 711 1930 filurorum
728 1923 736 1934 ,
755 1900 803 1930 ubi
824 1899 930 1930 ferrum
949 1902 1104 1930 cxxiwstum
1118 1901 1155 1929 cst
1171 1921 1179 1933 ,
1204 1902 1380 1943 cxpeiimur',
1395 1913 1425 1931 ac
1439 1900 1530 1931 diver-

312 1942 345 1972 sis
366 1946 394 1972 in
414 1941 504 1985 glebis
521 1947 613 1974 varios
636 1945 777 1974 coctionis
797 1942 898 1985 gradus
919 1943 1138 1977 animadvertit,
1167 1954 1230 1973 cum
1253 1942 1319 1973 alibi
1339 1942 1419 1974 flivae
1434 1966 1442 1978 ,
1463 1943 1531 1974 alibi

312 1985 402 2016 rubzae
417 2008 424 2020 ,
445 1987 588 2017 interdum
607 1990 692 2029 nigra:
708 1996 867 2030 appareant.
882 1987 967 2017 Hanc
986 1985 1050 2016 fciii
1069 1997 1169 2016 venam
1185 1998 1248 2016 cum
1277 1999 1325 2030 p-t‘
1346 1986 1464 2017 biduum
1479 1985 1531 2018 soli

313 2026 480 2071 cxpasuill‘et
498 2055 506 2067 ,
523 2029 619 2060 molli<
644 2030 727 2060 instar
749 2029 853 2072 aigilloe
879 2041 948 2072 :iqua
974 2028 1069 2060 diluta:
1094 2029 1259 2072 permansit:
1287 2029 1331 2060 scd
1353 2029 1482 2060 exsiccata
1495 2030 1532 2060 ad

313 2072 530 2111 iguemfcrtum
556 2072 721 2107 redolebat3
740 2073 798 2104 fusa
817 2072 893 2103 velut
919 2072 1035 2104 scotiam
1061 2071 1125 2102 fetri
1147 2073 1291 2104 exhibuit:
1318 2084 1382 2104 cum
1409 2083 1440 2102 ca
1463 2071 1531 2104 ferri

314 2125 385 2143 vena
403 2115 519 2147 mollior
537 2117 575 2148 est
591 2139 602 2154 ,
620 2119 650 2148 δε
678 2128 748 2160 aqua
768 2115 905 2152 diluitur,
928 2127 988 2148 tum
1011 2116 1130 2160 speciem
1156 2128 1212 2160 pra*
1234 2117 1259 2148 sc
1278 2115 1331 2147 fert
1350 2127 1469 2148 amurcae
1485 2127 1532 2147 aut
