1638 2345
201 175 290 206 Ans.

204 223 290 254 1696.

315 134 364 172 382
599 129 778 162 REGIAE
815 127 1217 161 SC1ENT1ARUM

313 172 377 205 trofi
399 172 414 203 ὲ
433 173 508 205 terta
529 172 654 209 sublati,
679 176 710 203 δε
733 172 821 202 noctu
837 174 865 202 in
888 173 952 201 a'c‘rc
971 170 1078 202 densati
1099 171 1239 203 recidunt.
1261 171 1295 203 Id
1311 183 1380 203 vero
1394 172 1432 203 est
1450 171 1537 215 suspi-

312 228 391 248 catus
408 219 516 248 nitrm
530 216 596 247 licet
609 215 722 246 acidum
740 236 750 250 ,
771 214 825 245 suis
840 225 935 246 tamen
956 213 1066 258 spiculis
1085 214 1231 246 retundere
1250 218 1344 246 tartari
1361 215 1434 248 feces
1448 237 1456 250 ‚
1478 215 1537 246 eas-

311 271 366 302 que
386 258 514 291 volatiles
529 258 640 290 efficere
650 280 660 294 ‚
683 268 835 300 antequam
849 268 911 288 uvae
926 257 1114 288 maturescant
1136 270 1142 287 :
1165 257 1241 289 unde
1256 260 1285 288 in
1299 256 1409 289 ardenti
1425 258 1466 290 siti
1479 269 1537 289 uno

311 304 397 345 hujus
417 305 477 333 vini
496 302 599 343 cyatho
620 301 719 332 hausto
737 300 886 332 cerebrum
908 299 1016 332 turbari
1041 299 1132 331 sensit.
1412 315 1416 318 ·

360 347 400 376 Ex
420 345 566 376 occasione
587 343 666 375 addit
684 346 750 375 vina
763 343 919 393 Hispanica
932 369 941 382 ,
960 354 1015 386 qua
1031 345 1060 374 in
1076 342 1171 375 Gallia
1183 366 1193 380 ,
1216 342 1343 386 Anglia‚
1365 346 1395 375 δε
1418 346 1447 374 in
1466 347 1537 375 vici-

310 390 353 419 nis
373 387 537 430 regionibus
556 398 690 418 vaeueunt
703 413 712 426 ‚
730 398 764 417 ex
783 387 882 418 intulis
906 387 1038 417 Canariis
1051 386 1186 429 asportati
1205 409 1215 422 ‚
1233 386 1284 417 ubi
1303 386 1396 418 succus
1418 397 1536 418 uvarum

309 431 401 461 statim
425 441 508 473 atque
532 429 672 472 expressus
693 431 730 460 est
745 452 755 465 ,
774 433 941 473 excoquitur
956 428 1043 471 usque
1063 428 1100 459 ad
1124 441 1229 472 quartae
1250 432 1337 473 partis
1358 432 1538 460 imminutio-

309 484 396 505 nem5
422 476 521 504 vinum
537 473 700 504 Malacense
720 485 748 503 v.
771 474 816 502 De
831 474 953 515 Malaga
966 497 974 510 ,
997 474 1088 513 magis
1101 476 1249 504 cxcoctum
1269 471 1416 503 flavescere
1441 487 1448 504 ;
1471 476 1537 503 vina

310 515 464 559 Hispanica
478 527 555 547 extra
573 527 692 559 regnum
708 515 771 546 rato
787 515 922 559 asportati
933 537 943 550 ‚
964 514 1043 558 quod
1059 516 1106 544 vix
1119 517 1221 547 incolis
1238 513 1385 545 sufficiant.

725 647 757 681 C
794 647 826 682 A
860 647 885 683 P
916 650 955 685 U
990 647 1025 682 T
1091 650 1138 684 V.

725 740 774 768 De
794 731 865 780 file
896 734 1110 770 Ammoniaco.

306 823 330 851 1.
358 823 406 895 P
422 823 507 852 Aucis
527 820 587 864 post
605 819 705 852 diebus
731 821 772 850 D.
789 820 898 852 Chams
916 818 1138 849 dissertationem
1159 818 1195 849 de
1211 817 1264 849 sale
1279 820 1471 850 Ammoniaco
1490 826 1540 849 re-'

421 867 518 894 citavit
540 875 574 893 ex
598 863 711 906 scripto.
740 862 921 893 Existimabat
943 861 1026 892 salem
1053 864 1279 893 Ammoniacum
1307 862 1419 900 qualem
1445 863 1488 892 his
1510 865 1539 892 in

305 905 375 936 locis
393 907 528 937 habemus
540 929 548 941 ‚
571 909 758 948 componi·ex
783 917 837 936 una
853 916 928 948 parte
950 905 1011 935 salis
1027 907 1128 935 marini
1145 927 1153 940 ‚
1175 904 1296 935 dimidia
1316 916 1392 947 parte
1411 904 1539 947 fuliginis

305 950 334 978 in
352 951 479 992 quinque
493 951 582 980 urinae
601 948 728 991 partibus
742 947 876 978 exsolutis
891 972 900 986 ‚
924 950 954 978 ὃς
973 946 1098 978 filtratis.
1124 949 1256 977 Humore
1277 946 1407 978 exhalato
1423 947 1540 978 maffnm

305 991 479 1032 superstitem
497 993 608 1022 costam
630 994 659 1021 in
681 990 771 1021 moles
792 991 928 1021 rotundas
943 989 1098 1032 redigunt,
1119 989 1218 1031 quales
1239 993 1368 1021 venetiis
1385 1013 1394 1026 ‚
1416 990 1460 1020 vel
1477 991 1541 1020 An-

305 1037 413 1078 tuerpia
429 1035 564 1077 asportari
582 1033 692 1065 solent:
713 1045 809 1065 utrum
827 1045 868 1064 res
887 1036 923 1064 ita
937 1032 960 1063 sc
980 1033 1082 1064 habeat
1097 1032 1179 1063 valde
1192 1032 1309 1074 ambigo
1325 1044 1412 1064 :nam
1431 1032 1449 1064 fi
1469 1032 1540 1064 bene

305 1079 444 1113 memini,
457 1077 586 1110 D.Botel
600 1077 672 1108 hanc
691 1077 753 1108 salis
769 1078 952 1107 Ammoniaci
968 1075 1182 1107 confeffionem
1197 1079 1384 1119 nequicquam
1398 1079 1538 1108 tentavit:

305 1130 460 1163 utcumque
482 1133 512 1151 ea
531 1132 572 1151 res
589 1119 621 1150 fit
636 1145 644 1156 ‚
668 1119 821 1162 fuliginem
845 1119 1025 1155 admiscent,
1047 1121 1078 1150 in
1097 1118 1152 1161 qui
1167 1130 1267 1163 praeter
1291 1118 1375 1150 salem
1391 1118 1540 1151 volatilem

305 1162 439 1205 quaedam
454 1164 523 1194 inest
545 1163 608 1194 salis
629 1161 679 1194 fixi
700 1168 730 1195 &
749 1165 879 1193 acerrimi
893 1165 1000 1204 porti0.

351 1208 402 1236 11.
446 1206 479 1237 Id
499 1217 652 1236 commune
674 1207 712 1236 est
733 1205 834 1236 salibus
852 1205 914 1235 fixis
934 1216 963 1235 ut
988 1205 1086 1236 acidos
1105 1204 1138 1236 acl
1158 1204 1182 1235 sc
1205 1207 1314 1248 rapiant
1332 1227 1340 1240 ‚
1366 1208 1415 1247 qui
1436 1205 1541 1237 volati-

304 1248 378 1279 lium
399 1249 461 1280 sunt
478 1249 553 1291 quasi
575 1249 768 1292 aequipondia.
808 1251 882 1289 Qae
905 1259 999 1278 nutcm
1019 1247 1098 1278 acida
1124 1249 1185 1278 sunt
1212 1251 1373 1289 potentior-'t
1394 1272 1403 1284 ‚
1425 1261 1455 1279 ca
1479 1260 1539 1280 non

305 1292 447 1322 continuo
471 1293 533 1322 sunt
555 1295 644 1333 magis
661 1292 763 1322 idonea
779 1314 788 1326 ‚
808 1295 855 1321 vix
874 1294 952 1321 enim
973 1291 1008 1321 ab
1030 1293 1064 1320 iis
1085 1290 1184 1321 divelli
1201 1289 1322 1331 poll'unt.
1344 1292 1430 1322 Unde
1453 1295 1482 1322 &
1503 1290 1541 1322 sal

305 1337 433 1365 marinus
460 1335 495 1365 ad
523 1334 585 1364 salis
612 1335 798 1365 Ammoniaci
828 1333 1042 1364 confcc'tioncm
1069 1333 1222 1363 commode
1246 1330 1417 1363 stlcc‘ttis‘cst
1441 1348 1447 1364 ε
1475 1346 1540 1366 nam

306 1377 385 1418 quod
404 1380 432 1407 in
449 1389 484 1407 co
501 1377 539 1407 est
557 1376 670 1407 acidum
688 1399 698 1412 ‚
718 1380 747 1407 &
771 1375 884 1419 reliqua:
901 1379 961 1417 ejm
977 1376 1132 1405 substantia·
1147 1374 1309 1418 implicatur
1321 1398 1330 1411 ,
1347 1387 1413 1406 cum
1434 1388 1542 1408 novam

307 1418 431 1450 offendit
449 1423 596 1450 materiam
610 1443 621 1455 ‚
642 1423 721 1461 cujus
739 1430 846 1450 meatus
868 1420 920 1449 suis
941 1419 1045 1448 multis
1064 1418 1124 1449 sunt
1138 1421 1230 1459 magis
1244 1420 1476 1455 accommodati,
1495 1419 1543 1450 ul-

308 1473 353 1493 tro
368 1465 397 1492 in
417 1474 464 1493 eos
479 1466 595 1494 incurrit
608 1486 617 1498 ‚
640 1466 670 1494 &
690 1465 748 1493 cito
761 1461 862 1494 deserit
877 1462 991 1493 volatu:
1008 1484 1016 1496 ,
1035 1466 1079 1492 cui
1096 1473 1154 1491 crat
1173 1463 1319 1493 sociatum.

352 1507 421 1538 111.
457 1506 490 1536 ld
512 1518 581 1536 vero
606 1505 698 1548 palam
711 1507 767 1541 est,
788 1505 850 1537 salis
869 1504 919 1536 fixi
941 1527 950 1541 ‚
973 1516 1003 1535 ur
1028 1507 1124 1535 tartari
1147 1526 1156 1539 ‚
1176 1516 1221 1534 :aut
1237 1507 1303 1535 nitri
1320 1527 1328 1540 ,
1346 1516 1392 1535 aut
1405 1504 1542 1538 fimilium

310 1547 415 1578 :icccffu
435 1549 569 1580 volatiles
589 1549 656 1580 sales
684 1549 719 1580 ab
743 1549 830 1580 acidis
854 1549 944 1579 statim
969 1547 1056 1578 deseri
1082 1569 1091 1582 ,
1114 1558 1144 1578 ut
1167 1545 1228 1577 fixis
1253 1551 1414 1583 socientur,
1444 1560 1475 1578 ac
1503 1548 1542 1579 sal

311 1594 360 1633 qui
383 1591 451 1622 calci
471 1594 562 1627 inest,
582 1591 691 1622 tametsi
711 1595 733 1622 is
760 1591 842 1622 facilc
864 1589 1011 1634 diffipatur
1026 1613 1034 1626 ,
1058 1589 1107 1620 ubi
1129 1589 1202 1620 solus
1232 1591 1269 1620 cst
1286 1613 1293 1624 ,
1318 1602 1365 1621 aut
1387 1602 1465 1632 aqua:
1490 1591 1543 1623 soli

311 1634 480 1665 admiscetur
495 1661 503 1671 ‚
527 1646 592 1666 curn
610 1645 706 1666 tamen
725 1634 773 1666 ille
791 1646 898 1677 partem
914 1634 1040 1664 accidam
1062 1633 1123 1663 salis
1138 1635 1239 1663 matini
1260 1632 1381 1664 offendit
1394 1656 1403 1669 ,
1425 1645 1487 1676 quae
1502 1634 1544 1666 sa-

313 1677 370 1706 lem
388 1680 475 1709 utinm
493 1677 640 1709 volatilem
659 1678 835 1721 implicatum
856 1678 971 1708 tenebat
985 1703 992 1712 ,
1015 1687 1074 1706 tum
1096 1676 1156 1706 salis
1171 1675 1218 1706 fixi
1232 1688 1334 1707 mimus
1347 1676 1410 1707 obit
1422 1702 1430 1712 ‚
1455 1680 1485 1707 &
1499 1678 1541 1708 sa-

313 1719 370 1750 lcm
387 1723 528 1751 marinum
543 1720 603 1752 sinu
615 1722 664 1752 suo
681 1725 783 1764 excipit
794 1743 803 1756 ,
819 1721 845 1751 id
871 1733 903 1750 uc
919 1720 1004 1750 cll-icit
1019 1731 1048 1750 ut
1063 1718 1098 1749 sal
1116 1722 1277 1749 communis
1292 1718 1439 1750 volatiltm
1453 1723 1541 1751 urin'ae

312 1762 399 1794 salem
416 1763 541 1795 dimittat
553 1787 561 1799 ,
585 1768 614 1796 δέ
632 1768 660 1795 in
675 1765 820 1808 pristinam
838 1764 855 1794 li
881 1775 996 1794 citatam
1018 1762 1124 1793 afferat.

356 1806 476 1837 Accedit
498 1807 569 1838 illud
595 1819 709 1851 quoque
728 1819 829 1850 aquam
849 1829 856 1842 ,
880 1818 941 1849 qut:
968 1806 1034 1836 salt-s
1056 1804 1128 1835 fixos
1143 1828 1152 1841 ‚
1178 1809 1207 1836 ἃ
1227 1804 1323 1836 acidos
1347 1804 1432 1836 diluit
1450 1827 1459 1841 ,
1479 1817 1542 1836 am-

311 1847 417 1879 borum
446 1861 574 1880 mutuam
604 1854 634 1880 in
660 1857 685 1880 lc
713 1850 738 1881 sc
760 1853 900 1881 achonem
919 1874 927 1885 ,
957 1854 986 1880 ἃς
1011 1851 1182 1878 fonctionem
1217 1848 1361 1879 ‘Minimum
1389 1848 1541 1889 adjuvare,

312 1903 411 1922 cotum
432 1903 536 1923 nexum
551 1895 653 1923 arctius
671 1894 803 1934 stringere
817 1916 825 1928 ,
847 1898 876 1923 ἅ
904 1893 1061 1924 libertatem
1083 1891 1143 1921 salis
1163 1862 1286 1921 νοῐιαιιίίς
1309 1903 1472 1934 procurare.
1498 1894 1542 1922 Ac

312 1935 430 1965 demum
445 1936 512 1976 justa
538 1935 600 1966 salis
619 1938 802 1966 Ammoniaci
817 1936 986 1979 compwlitio
1002 1959 1009 1970 ‚
1033 1934 1136 1965 altitio
1151 1957 1160 1970 ‚
1182 1938 1208 1964 ἃ
1229 1938 1310 1965 vatis
1326 1947 1384 1976 tJus
1402 1946 1542 1977 piaepara-

314 1982 405 2008 tiones
426 1978 551 2019 pendent
566 1991 598 2009 tx
617 1978 715 2009 salium
735 1978 857 2010 fixorum
872 2002 880 2014 ,
901 1980 1049 2010 aemorum
1071 1981 1099 2008 ἃ
1118 1977 1277 2008 volut-ilium
1297 1989 1360 2020 apta
1376 1981 1541 2021 proportio-

313 2032 368 2054 ne,
392 2032 420 2050 ut
441 2020 522 2050 simul
536 2026 639 2052 coeant
660 2026 689 2052 ἃ
713 2022 882 2064 separemur.

360 2065 369 2092 l
386 2067 424 2094 V.
463 2066 517 2103 llis
534 2066 694 2096 constitutis
713 2077 778 2096 cum
799 2065 834 2095 sal
857 2068 1060 2096 Ammoniacm
1079 2076 1198 2107 utroque
1217 2064 1268 2094 salt·
1287 2065 1393 2095 constet
1406 2090 1414 2100 ,
1430 2062 1538 2094 volatili

312 2108 342 2138 ἃ
361 2106 442 2138 acido
465 2107 548 2139 simul
570 2111 731 2150 conjunclis
753 2131 762 2145 ‚
785 2111 814 2140 δε
842 2107 934 2140 fixatis
951 2132 961 2146 ,
983 2110 1033 2140 ubi
1057 2108 1192 2140 alterutro
1217 2119 1287 2151 opus
1310 2109 1370 2144 cst,
1395 2111 1415 2138 ii
1439 2105 1540 2137 divelli
