1638 2345
314 109 608 142 ACADEMIAE
641 110 914 143 HISTORIA.
950 109 1036 143 1.th
1068 115 1109 146 n.
1257 127 1311 157 2¹5

129 154 169 184 V.
190 153 231 184 D.
262 153 401 184 Mariotte
425 155 519 184 mense
543 155 670 197 Augusto
691 165 843 199 utrumque
866 157 1063 187 Baromettum
1086 156 1256 200 hydrargyti
1280 164 1308 191 ἃ
1329 158 1404 200 Phya

88 207 165 238 aquae
184 198 213 226 in
230 196 440 228 Observatorio
453 200 526 228 inter
544 197 570 229 se
591 197 749 229 contendit.
768 198 972 241 Hydrargyrus
991 200 1026 230 ad
1044 205 1077 232 ιδ
1096 198 1235 244 pollicum
1247 202 1310 233 sub-
1322 202 1389 242 fica.

86 241 159 273 latus
182 244 237 280 est,
265 255 335 286 aqua
357 244 392 275 ad
418 255 449 282 3¹
477 244 582 287 pedum
602 249 618 290 -ζ
642 245 823 277 altitudinem
843 245 967 276 ascendit
984 269 993 283 ,
1018 250 1055 278 ita
1075 259 1106 280 ut
1129 260 1162 279 ea
1180 247 1212 280 sit
1233 261 1311 292 aqua:

85 288 121 320 ad
137 290 346 334 hydrargyrum
373 294 444 322 tatio
463 303 525 335 qua·
548 303 558 321 1
575 295 609 325 ad
630 303 655 330 ις
686 297 711 338 ¹3·

121 343 175 372 VI.
209 340 369 372 Nonnullis
386 352 499 384 quoque
514 347 714 385 experimentis
725 343 756 375 id
776 344 957 387 probandum
973 343 1089 388 suscepit
1106 347 1144 376 D.
1163 347 1314 384 Mariotte‘,

85 393 227 415 tormenta
241 384 370 416 recedere
384 388 462 426 juxta
481 390 654 428 reciprocam
679 386 719 418 sui
734 387 868 431 ponderis
893 391 923 418 δέ
943 388 1025 430 globi
1041 388 1148 432 explofi
1165 393 1312 421 rationem.

85 426 235 457 Tubulum
261 426 385 458 ferreum
404 427 515 459 duobus
530 429 616 472 filis3
644 430 751 473 pedum
765 429 859 473 longis
881 430 1023 474 suspendit
1048 443 1114 463 curn
1137 432 1313 472 Cylindtulo

83 468 219 513 plumbeo
232 497 241 510 ‚
255 474 333 510 cuius
360 471 472 511 pondus
490 483 547 503 erat
562 484 625 515 pars
648 473 710 504 tubi
721 476 819 517 quinta
839 485 847 509 ⁴,
863 474 979 505 accenso
994 473 1109 517 puluere
1125 475 1207 506 tubus
1223 476 1256 506 ad
1277 484 1314 508 16

80 513 186 555 gradus
209 513 317 545 reccffit
331 536 340 549 ‚
355 514 516 554 Cylindrus
537 517 572 547 ad
590 520 626 549 80
644 517 730 560 usque
745 516 868 547 sublatus
882 517 920 547 est
933 542 942 556 ,
958 528 1021 559 quae
1043 516 1099 549 fere
1111 518 1150 548 est
1168 522 1313 562 reciproca

82 561 245 606 ponderum
270 565 353 594 ratio.
375 561 512 605 Cumque
531 563 614 595 tubus
631 565 665 594 ad
687 568 703 594 8
734 563 838 606 gradus
862 565 880 611 ὲ
900 564 1057 596 recedendo
1084 565 1289 598 conscendiffet
1303 595 1313 609 ‚

82 607 243 649 Cylindrus
255 611 290 642 ad
309 612 369 653 4o{
391 609 513 640 sublatus
527 611 565 641 est
577 636 585 649 ‚
600 610 685 654 idque
696 613 801 641 iteratis
811 613 1010 654 experimentis
1023 611 1216 644 confirmavit.
1230 612 1313 644 Selo-

81 666 148 698 peto
172 659 280 688 rninori
302 669 403 700 aquam
431 657 540 700 plumbi
563 657 628 688 loco
652 657 779 690 affudit:
809 659 850 688 Ex
880 662 894 688 8
911 657 1016 701 pedum
1038 658 1169 690 distantia
1194 660 1311 691 accenso

80 698 198 741 pulvere
221 701 362 732 Chartam
386 701 476 732 tribus
507 701 628 744 pedibus
647 701 731 732 latam
753 713 823 744 aqua
841 700 1190 744 perfudit3exintervallo
1211 702 1312 735 decem

79 741 187 784 pedum
199 758 207 776 ;
221 744 333 787 aliquot
346 743 464 787 guttulis
483 745 591 787 aspersa
606 744 660 776 fuit
679 745 773 775 charta
787 757 794 780 ·,
815 746 894 775 auda
909 744 1037 775 distantia
1054 744 1090 776 ad
1110 756 1142 776 12.
1163 745 1249 787 usque
1263 758 1313 790 pe-

79 784 142 822 des,
156 798 228 830 aqua
240 788 311 819 adeo
329 786 457 830 diffipata
469 787 522 818 fuit
533 800 582 823 ,ut
595 788 678 819 instat
695 791 807 831 vaporis
824 787 976 818 tenuissimi
992 787 1132 819 reciderit,
1149 790 1228 819 Hinc
1240 800 1312 818 con-

78 827 192 860 clusum
213 830 248 861 ab
266 843 301 861 eo
326 832 380 863 fuit
398 842 534 874 aquatum
566 833 653 874 jactus
674 829 821 862 altitudini
847 830 973 862 fontium
998 842 1056 861 non
1080 835 1160 862 omni
1182 843 1214 862 ex
1233 843 1311 875 parte

80 871 274 915 respondere:
299 886 365 906 curn
390 878 468 905 enim
485 886 590 917 magno
607 878 714 917 impetu
736 886 806 916 aqua
832 874 913 906 exilit
928 900 937 913 ‚
959 877 988 905 in
1006 874 1129 917 guttulas
1151 873 1310 917 dissipatur.

122 919 206 947 V11.
230 919 308 948 Cum
333 918 466 949 indicum
495 917 623 961 lapillum
647 921 697 960 qui
722 928 873 948 venenatos
895 917 1062 949 animalium
1085 917 1193 948 morsus
1217 918 1312 950 sanate

81 960 257 1001 perhibetur.
283 962 314 990 P.
343 965 486 1001 Fontenay
513 964 540 992 δ.
562 965 585 993 1.
609 962 649 990 D.
672 959 792 991 Caslino
811 959 930 991 dcdiffet
956 972 986 991 ut
1007 963 1064 1000 ejus
1086 964 1125 991 rei
1152 960 1311 1003 periculum

81 1002 182 1039 fieret,
198 1004 338 1034 columbae
359 1004 374 1033 ὲ
397 1007 491 1046 vipera
511 1003 610 1034 leviter
631 1003 782 1035 vulneratae
801 1003 933 1034 admotus
959 1004 996 1033 (st
1018 1003 1131 1044 lapillus
1146 1026 1155 1039 ,
1176 1003 1311 1034 colun-iba

78 1046 117 1076 ad
145 1047 245 1077 horam
269 1047 354 1087 usque
377 1050 465 1077 vitam
489 1048 644 1089 produxit,
668 1045 715 1077 sed
740 1045 852 1089 lapillus
879 1046 926 1076 ille
944 1058 1028 1090 quem
1044 1047 1060 1076 ὲ
1080 1050 1170 1087 capite
1202 1046 1311 1089 serpen-

81 1091 116 1119 tis
138 1091 246 1120 extrahi
266 1093 319 1121 viri
341 1090 419 1121 docti
446 1090 646 1125 tradiderunt,
671 1092 797 1131 quique,
822 1100 852 1119 ut
874 1090 921 1120 alii
939 1089 1056 1121 censent
1071 1114 1079 1128 ‚
1101 1090 1223 1120 factitius
1243 1090 1281 1119 cst
1298 1112 1310 1126 ,

82 1135 114 1163 &
133 1133 286 1163 Cambo'r'ae
311 1133 380 1177 lapis
404 1136 542 1163 vozjitatur
558 1156 566 1168 ,
587 1134 642 1163 hoc
657 1136 732 1163 vitus
753 1144 811 1162 non
828 1132 958 1164 detraxit.

126 1176 233 1206 Catelli
253 1188 366 1218 quoque
388 1188 473 1219 quern
494 1180 590 1218 vipera
613 1179 640 1206 in
662 1175 769 1206 femore
789 1176 1007 1212 momorderat,
1031 1176 1141 1207 vulneri
1166 1175 1310 1212 admotus,

81 1218 149 1249 haic
171 1223 306 1250 tenaciter
329 1220 443 1250 adhaesit
457 1242 465 1254 ,
492 1219 536 1251 sed
566 1220 624 1261 post
645 1230 749 1249 novem
779 1219 862 1248 horas
882 1218 930 1248 ille
952 1221 1093 1249 extintstus
1117 1220 1175 1253 est3
1203 1223 1310 1261 languis

82 1264 111 1291 in
135 1262 204 1293 vasis
231 1262 334 1293 fluidus
362 1274 390 1293 ut
418 1266 446 1293 in
466 1262 598 1294 colun-‚ba
612 1285 619 1297 ‚
644 1261 678 1292 stc
700 1265 729 1292 in
748 1261 869 1300 catello,
887 1273 944 1292 non
961 1274 1110 1293 concretus
1133 1266 1271 1305 apparuit.

123 1306 200 1336 Cum
221 1305 259 1336 de>
286 1317 396 1336 veneno
419 1309 580 1350 viperarum
607 1304 697 1336 fermo
724 1305 896 1339 haberetur,
918 1305 989 1336 illud
1009 1306 1024 1335 a
1054 1307 1094 1336 D.
1118 1306 1240 1336 Blondel
1261 1309 1311 1348 qui

81 1359 214 1390 magnam
231 1349 324 1380 Orbis
346 1361 454 1391 partem
477 1360 689 1392 peragraverat,
701 1349 754 1379 fuit
767 1348 965 1383 observatum,
992 1349 1013 1378 s<
1021 1361 1132 1392 rpentes
1145 1353 1193 1391 qui
1208 1352 1236 1379 in
1249 1351 1312 1379 aliis

84 1392 260 1423 Antillarum
284 1393 382 1424 insulis
402 1396 504 1425 veneni
519 1391 580 1423 sunt
594 1402 719 1434 expertes
732 1417 739 1429 ,
759 1395 786 1422 in
807 1393 962 1422 Mammea
982 1391 1035 1421 effe
1057 1403 1209 1422 venenatos
1226 1414 1234 1426 ,
1249 1392 1312 1421 eos.

83 1445 138 1476 que
159 1439 187 1466 in
208 1436 275 1466 alias
305 1435 413 1467 Insulas
438 1435 587 1467 transsatos
614 1446 725 1465 veneno
744 1433 793 1464 suo
818 1434 937 1464 destitui.
965 1436 1011 1464 De
1037 1436 1079 1465 his
1100 1438 1149 1477 qui
1175 1434 1309 1466 Melitam

83 1478 262 1521 asportantur
280 1481 443 1510 communis
463 1480 501 1511 est
523 1481 622 1522 opinio
645 1489 692 1508 eos
708 1489 821 1507 veneno
846 1477 968 1508 destitui.

124 1524 183 1554 Die
206 1536 242 1555 10
261 1523 368 1566 Aprilis
394 1526 437 1554 vir
461 1522 637 1565 pereruditus
657 1522 697 1551 D.
725 1520 859 1551 Arnould
878 1519 1137 1562 Nurcmbergensts
1162 1520 1311 1564 epistolam

83 1564 99 1594 ὲ
117 1568 235 1597 Parente
253 1566 301 1596 suo
324 1564 432 1596 missam
448 1565 520 1596 mihi
539 1565 675 1599 tradidit,
699 1575 782 1607 quam
805 1566 834 1593 in
860 1564 1024 1595 Academi-'c
1044 1575 1187 1595 conventu
1203 1564 1259 1607 legi
1274 1578 1280 1596 :
1296 1568 1310 1596 ιζ·

85 1610 222 1641 Boliemia
244 1611 269 1640 se
291 1610 394 1652 fungos
416 1607 550 1652 accepiffe
571 1607 666 1639 scribit
693 1606 851 1638 Mar-castris
872 1609 1011 1649 argenttis
1037 1606 1146 1649 plenos.

134 1655 180 1684 De
204 1665 284 1684 terrae
309 1664 431 1683 tremore
457 1655 505 1694 qui
531 1663 606 1682 anno
626 1651 767 1693 superiore
791 1653 912 1692 contigit
941 1649 1041 1692 scripta
1063 1650 1100 1680 est
1126 1649 1241 1694 epistola
1274 1650 1310 1681 ad

87 1696 128 1728 D.
153 1697 281 1728 Pcrrault
303 1708 335 1728 ex
352 1696 421 1727 urbe
436 1695 559 1738 quadam
580 1695 770 1736 Lotharingiae
786 1693 1012 1725 Remiremonda
1026 1692 1101 1722 die‘ta
1116 1717 1123 1728 ,
1135 1696 1163 1724 in
1181 1705 1236 1736 qua
1248 1705 1311 1736 per-

87 1738 176 1769 multa
197 1751 294 1771 notatu
320 1740 406 1780 digna
427 1749 595 1776 narrantur,
619 1736 780 1768 dummodo
802 1735 872 1766 fides
900 1738 1052 1778 Scriptoris
1074 1736 1166 1778 aliqua
1188 1748 1220 1766 ex
1247 1748 1310 1780 par-

89 1792 115 1813 te
136 1793 193 1812 non
211 1782 328 1813 laboret.
358 1785 481 1813 Tantam
499 1785 558 1821 ejus
583 1784 642 1812 vim
669 1778 747 1811 fuiss'e
766 1790 993 1817 commemorat,
1024 1791 1053 1810 ut
1075 1782 1147 1810 reela
1165 1780 1312 1820 compluta.

87 1828 244 1856 corruerint
261 1840 267 1857 :
285 1837 389 1868 magno
408 1837 471 1855 cum
483 1824 593 1868 fragore
611 1828 634 1855 is
647 1824 816 1866 conjunCttts
836 1823 890 1854 fuit
905 1846 913 1858 ,
933 1825 971 1854 ita
999 1833 1028 1853 ut
1055 1823 1146 1853 Canor
1162 1827 1210 1854 icae
1227 1823 1310 1852 forni-

88 1871 127 1898 cis
156 1868 283 1899 Eccleiiae
301 1870 353 1898 suae
370 1871 483 1899 ruinam
509 1879 566 1897 non
589 1868 739 1898 audierint.
757 1865 863 1896 Intolae
881 1867 964 1907 hujus
985 1865 1063 1896 urbis
1081 1878 1108 1897 in
1129 1878 1210 1908 agios
1228 1867 1252 1895 se
1268 1876 1313 1895 te-

89 1915 182 1955 cipere
194 1924 242 1954 per
253 1920 268 1942 6
288 1911 479 1942 htbdomadas
490 1913 580 1942 consti.
595 1912 674 1945 sttnt3
692 1909 807 1952 [iugulis
822 1908 954 1940 noctibus
972 1909 1099 1941 saevucbit
1113 1936 1120 1947 ,
1134 1912 1168 1939 de
1181 1909 1226 1938 die
1238 1919 1312 1940 nun-

88 1966 173 1995 quam
184 1979 191 1990 ‚
210 1955 332 1987 flamma:
344 1956 359 1986 ὲ
373 1966 444 1986 tetra
459 1958 637 1985 continenter
652 1953 838 1997 erumpebant
850 1975 859 1988 ,
881 1953 959 1984 nulla
974 1957 1044 1983 rima
1060 1964 1104 1983 aut
1124 1954 1199 1982 hiatu
1219 1954 1315 1981 mani-

90 1998 221 2029 ftst011iii
239 2002 268 2029 in
287 2011 343 2029 uno
359 1998 423 2028 loco
445 2021 453 2032 ,
471 2009 532 2039 quae
555 2002 625 2029 rima
646 1997 738 2040 postea
757 1996 833 2027 ultro
846 1997 957 2027 occlusa
977 1996 1013 2026 est
1028 2010 1033 2026 z
1050 1996 1093 2025 sed
1109 2007 1173 2025 cum
1189 2005 1218 2023 ra
1235 2005 1317 2036 pate-

90 2041 157 2077 bat,
177 2040 274 2073 frustra
288 2042 364 2072 illius
383 2041 501 2071 altitudo
518 2041 571 2071 fuit
584 2041 740 2084 explorata.
757 2042 819 2081 Q'ssi
835 2051 934 2082 erump
951 2039 998 2070 bat
1023 2041 1109 2080 igni‹,
1128 2049 1189 2067 :etri
1203 2049 1230 2066 m
1244 2036 1318 2066 odo-

92 2095 151 2116 rem
171 2085 286 2117 afflabat
300 2108 311 2124 ,
335 2096 393 2115 non
413 2083 595 2127 sulphureum
616 2095 731 2120 tamen,
751 2094 845 2126 neque
860 2087 882 2114 is
899 2081 1045 2114 adurebat.
1066 2082 1178 2111 Exarftis
1194 2080 1239 2110 sex
1251 2079 1320 2110 heb-
