1638 2345
380 119 690 150 ACADEMIAE
734 117 1027 150 HISTORIA.
1062 119 1200 150 an.1.
1312 131 1322 150 ι

116 172 195 206 parte
219 172 280 205 quae
301 165 395 194 minus
423 162 506 194 firma
527 174 584 194 erat
607 165 638 193 &
656 161 751 194 ctaffa.
769 164 856 194 Rima
872 173 991 204 quatuor
1006 165 1034 192 in
1054 160 1264 204 longitudinem
1280 133 1341 206 p013.
1361 160 1461 203 Physt-

116 207 205 237 licum
223 207 282 238 visa
302 207 340 237 est
363 229 373 243 ,
399 218 450 250 per
468 218 555 250 quam
583 205 687 249 glacies
708 208 796 237 variis
829 204 945 236 bullulis
976 208 1006 235 in
1033 204 1073 236 sui
1097 205 1195 236 medio
1217 206 1347 238 distiana
1362 215 1402 236 ca,

116 252 219 291 erupit.

159 293 392 335 Experimentum
411 295 441 323 in
463 303 541 336 parte
563 290 649 323 altera
671 292 731 324 tubi
755 295 885 331 iteravit,
907 294 958 334 qui
977 289 1080 322 eodem
1101 289 1158 322 fere
1180 292 1272 323 modo
1291 293 1350 324 dis-

116 346 214 378 mprus
233 336 281 366 est.
296 338 390 367 Tanta
407 339 545 367 nimirum
562 336 600 365 est
620 339 662 367 vis
682 335 797 379 frigoris
814 358 822 371 ‚
840 335 917 378 quod
940 346 1020 377 aqua:
1034 345 1125 377 partes
1146 334 1182 366 sic
1205 336 1350 376 distendit,

116 389 147 409 ut
166 377 245 408 lento
257 378 396 421 quidem,
415 379 462 410 sed
485 381 653 411 continuato
669 382 700 411 δέ
722 381 822 421 jundko
833 381 966 410 omnium
987 377 1190 421 particularum
1207 379 1269 411 nisu
1281 380 1349 411 soli-

114 420 196 452 diora
218 432 337 463 quaeque
355 421 466 464 frangat
489 433 618 465 corpora.

167 466 242 503 Quae
258 465 289 496 fit
313 465 396 507 hujus
411 465 586 496 dilatationis
607 463 687 496 causa
708 476 767 496 non
789 465 827 495 est
850 465 932 507 hujus
955 463 1012 494 loci
1032 463 1167 496 curiosius
1195 465 1346 508 investiga-

113 518 154 538 te.
170 510 277 540 Utrum
294 520 371 551 aqua:
398 508 555 551 partimlae,
573 508 642 539 dum
666 510 708 538 vis
731 507 844 551 frigoris
866 512 937 551 riget
962 530 972 542 ‚
994 505 1063 538 fiant
1087 508 1274 544 immobiles,
1295 520 1347 541 nec

115 560 175 581 tam
199 552 262 594 apte
276 551 336 582 aliae
356 551 418 582 aliis
431 551 598 584 incumbant
612 575 621 587 ,
636 551 723 595 quam
735 551 784 582 ubi
805 562 885 581 motu
905 553 1034 593 ingenito
1050 554 1160 582 cientur
1172 564 1179 586 ·‚
1192 563 1251 582 tum
1267 555 1346 582 enim

114 591 223 624 facilius
246 593 416 632 flectuntur,
441 607 472 625 ac
488 593 623 638 prcffioni
645 598 738 629 aeris,
761 605 807 624 aut
827 594 946 624 aliarum
972 605 1050 635 aquae
1077 598 1199 636 partium
1229 596 1343 626 cedunt.

113 636 163 666 An
185 636 281 679 potius
297 641 346 668 aer
373 639 449 679 poris
470 648 548 679 aquae
576 637 723 668 conclusus
742 640 772 666 in
786 640 875 667 varias
890 635 1011 667 bullulas
1030 636 1197 668 distenditur
1213 660 1222 672 ,
1246 638 1346 680 quales

112 681 143 710 in
162 680 252 723 glacie
276 692 325 724 per
353 683 458 711 rimam
480 681 607 723 Sclopeti
631 691 753 711 excunte
774 679 838 710 visae
862 679 942 715 sunt,
963 679 1042 722 quod
1058 679 1073 709 ὲ
1094 679 1265 712 circumfuso
1278 683 1344 712 a'e're

112 724 208 754 minus
230 734 396 766 premantur
411 746 420 759 ‚
438 723 500 754 aliis
517 723 717 755 excutiendum
732 723 918 765 relinquimus
933 737 939 754 ε
961 733 1134 765 quamquam
1159 723 1231 755 illul
1249 723 1342 767 ipsum

112 765 264 807 dijudicari
284 767 374 810 potest
388 770 588 810 experimentis
601 778 663 809 qua:
690 768 730 800 D.
746 768 901 809 Hombeig
919 777 997 796 anno
1018 769 1100 802 1692.
1121 769 1150 797 in
1172 767 1216 798 su]
1233 769 1342 799 machi.

112 819 148 839 na
166 813 344 852 pneumatica
361 809 447 842 nobis
472 822 570 841 coram
597 809 747 846 exhibuit,
767 810 802 840 de
824 808 928 852 quibus
946 808 994 840 suo
1015 808 1081 839 loco
1105 809 1241 842 dicemus.

152 854 200 883 11.
225 855 259 884 In
280 854 323 884 his
349 852 483 884 omnibus
504 853 573 885 illud
590 853 749 884 cavendum
771 855 912 896 imprimis
932 864 1000 896 puto
1016 863 1052 882 ne
1077 854 1158 883 citius
1180 854 1266 896 quam
1292 866 1341 897 par

111 893 144 925 fit
164 907 199 926 ex
213 899 297 926 variis
310 899 510 939 experimentis
526 899 666 927 axiomata
681 896 810 939 quaedam
824 896 967 939 generalia
980 894 1150 938 colligamus
1166 907 1174 930 ⁴,
1198 908 1264 928 nam
1280 900 1341 928 im-

110 937 244 981 perfeiiae
263 940 445 971 industiones
467 939 537 983 sazpe
553 943 651 971 nosin
668 951 794 972 errorem
810 939 967 975 inducunt,
982 939 1051 972 dum
1068 938 1103 970 ad
1124 950 1156 969 ea
1182 951 1244 982 quae
1267 944 1341 972 exci-

110 984 140 1024 pi
153 981 267 1024 possunt
281 1005 289 1018 ‚
311 994 368 1013 non
388 982 451 1013 satis
466 983 647 1014 attendimus.

146 1025 287 1068 Exemplo
306 1025 360 1056 esse
382 1026 470 1068 potest
488 1025 559 1057 illud
577 1027 667 1070 ipsum
691 1025 769 1067 quod
791 1038 859 1056 mox
884 1025 1027 1056 attulimus
1047 1025 1082 1055 de
1107 1025 1212 1069 frigore
1226 1048 1235 1061 ‚
1255 1027 1338 1069 quod

109 1069 220 1099 atstare
245 1073 274 1099 &
297 1069 463 1100 contrahere
485 1080 602 1114 qumque
621 1081 742 1112 corpora
764 1069 854 1112 vulgo
872 1069 1014 1104 creditur,
1038 1080 1102 1099 cum
1123 1080 1217 1099 tamen
1235 1071 1338 1112 aquosa

107 1115 208 1142 omnia
223 1111 371 1142 distendat.

153 1157 202 1186 Sic
228 1154 316 1198 vulgo
339 1154 498 1198 persuasum
511 1155 568 1189 est,
583 1154 751 1198 corporibus
773 1158 862 1194 majus
879 1155 991 1198 pondus
1016 1165 1075 1185 non
1098 1154 1253 1190 accedere,
1283 1155 1335 1186 nifi

111 1197 252 1229 sensibilis
268 1198 387 1239 alicujus
403 1201 526 1229 materia·
542 1197 590 1228 fiat
614 1197 739 1229 acceffio.
769 1200 802 1228 Et
823 1209 916 1228 tamen
936 1198 1040 1228 eodem
1065 1197 1124 1228 fere
1145 1209 1274 1240 tempore
1292 1200 1331 1230 D.

112 1243 162 1273 Du
181 1240 254 1273 Clos
271 1244 358 1272 variis
379 1244 579 1284 experimentis
602 1241 724 1272 ostendit
744 1244 936 1273 antimonium
960 1246 990 1273 &
1007 1241 1061 1271 alia
1082 1242 1230 1272 mineralia
1251 1241 1336 1273 calci-

109 1294 173 1314 nata
192 1287 286 1327 augeri
306 1285 432 1327 pondere
452 1310 460 1323 ,
486 1285 573 1327 idque
595 1287 680 1315 etiam
705 1296 770 1315 cum
797 1284 884 1315 radiis
905 1283 1043 1315 solaribus
1067 1284 1193 1328 exposita
1213 1286 1335 1316 muitum

110 1327 226 1359 emisere
245 1328 366 1358 fumum.
388 1327 506 1359 Libram
531 1338 616 1358 unam
634 1327 723 1370 reguli
743 1330 895 1357 antimonii
923 1329 952 1356 in
973 1339 1115 1358 marmore
1142 1331 1224 1362 triti,
1252 1340 1335 1370 atque

107 1372 138 1400 in
154 1369 344 1401 tenuiffimum
363 1370 510 1413 pulverem
523 1373 703 1405 comminuti,
719 1370 773 1401 vasi
787 1370 870 1401 fistili
888 1374 917 1401 &
934 1370 1081 1413 plumbato
1103 1370 1273 1414 impolitam,
1290 1383 1334 1401 ra—

110 1412 166 1444 diis
189 1411 327 1446 solaribus
349 1413 478 1457 exposuit
491 1437 500 1449 ,
516 1424 598 1456 atque
621 1425 675 1457 ope
692 1413 794 1457 speculi
809 1415 905 1445 ustorii
925 1414 997 1443 hanc
1017 1418 1164 1445 materiem
1183 1414 1330 1446 incendit:

110 1456 181 1487 adeo
208 1468 237 1488 ut
259 1457 351 1488 fumus
374 1456 487 1487 denfior
507 1460 536 1487 &
559 1456 683 1487 albicans
706 1456 842 1499 plurimus
866 1468 1037 1499 erumperet.
1060 1458 1157 1489 Pulvis
1181 1460 1333 1488 antimonii

110 1499 189 1531 velut
209 1503 238 1530 in
267 1503 376 1531 cineres
399 1499 528 1530 redactus
556 1501 616 1543 post
644 1501 745 1530 horam
767 1504 905 1543 integram
929 1500 1039 1530 decima
1062 1502 1171 1544 pristini
1198 1500 1333 1544 ponderis

108 1554 186 1585 parte
205 1544 301 1574 auctus
333 1543 382 1573 est.
408 1545 640 1585 Experimentum
664 1542 737 1573 illud
769 1546 899 1575 iteratum
919 1541 994 1578 fuit,
1016 1556 1074 1586 quo
1099 1543 1191 1587 pulvis
1221 1548 1333 1575 tenuior

108 1597 188 1622 erat,
203 1587 257 1617 hoc
279 1585 362 1616 citius
377 1586 580 1617 incendebatur
592 1612 600 1624 ‚
612 1590 641 1617 ὅ(
663 1589 777 1630 gravior
797 1586 947 1630 apparebat
961 1598 968 1620 ·,
981 1587 1040 1618 Ubi
1059 1590 1087 1617 in
1112 1589 1251 1617 mortario
1269 1598 1332 1617 tan-

109 1639 168 1660 tum
189 1632 344 1661 contritum
371 1628 423 1659 fuit
445 1633 634 1660 antimonium
661 1653 670 1665 ‚
695 1632 723 1659 in
739 1642 770 1661 ea
788 1629 879 1661 solum
903 1640 977 1673 parte
1002 1633 1098 1672 ignem
1122 1632 1277 1674 concepit,
1303 1634 1332 1660 in

108 1682 194 1713 quam
213 1671 330 1703 luminis
350 1670 446 1702 solaris
464 1671 542 1703 focus
565 1672 716 1704 incidebat.
742 1678 807 1705 Fors
825 1674 863 1704 est
886 1684 915 1704 ut
937 1684 1062 1703 accurata
1085 1676 1220 1704 contritio
1242 1684 1333 1714 partes

108 1714 319 1746 combustibiles
330 1719 359 1746 ὅς
377 1714 621 1747 incombustibiks
634 1714 714 1747 simul
729 1717 885 1761 permistas,
899 1717 935 1748 ad
956 1715 1113 1747 faciliorem
1131 1715 1333 1759 separationem

108 1757 248 1801 disponat.

137 1803 209 1834 111.
227 1801 335 1833 Eadem
348 1805 543 1845 experimenta
562 1802 597 1833 ad
616 1805 711 1845 ignem
729 1802 818 1846 ipsum
837 1802 908 1834 fasta
924 1807 950 1833 in
968 1805 1056 1834 variis
1070 1802 1254 1833 mineralibus
1271 1814 1333 1843 quae

108 1843 235 1885 pondere
249 1847 329 1876 aneia
347 1846 420 1877 sunt.
439 1848 485 1876 Sic
506 1845 616 1889 regulus
640 1850 790 1878 antimonii
807 1846 946 1879 cochleari
968 1846 1059 1876 feri-<0
1077 1845 1238 1888 impositus,
1254 1849 1335 1876 oeta-

108 1898 142 1917 va
169 1886 206 1918 sui
223 1889 358 1931 ponderis
372 1901 448 1931 parte
469 1888 559 1920 faetus
578 1889 615 1919 est
633 1893 756 1931 gravior.
777 1894 927 1922 Limatura:
941 1893 1019 1931 cupii
1043 1889 1120 1919 rubri
1141 1892 1235 1918 uncias
1252 1891 1332 1924 octo,

107 1928 246 1961 limatura:
261 1930 328 1962 ferri
352 1942 487 1971 quatuor,
499 1933 677 1962 tantumdem
693 1936 753 1964 auti
778 1936 916 1976 pigmenti
934 1933 1079 1963 cruczbulo
1100 1931 1247 1974 imposuit,¹
1265 1932 1332 1961 duas

107 1976 202 2003 tartari
227 1977 256 2004 in
284 1974 429 2017 pulverem
452 1975 559 2006 redacti
577 1979 673 2006 uncias
699 1976 877 2018 superfudit:
903 1976 960 2006 alio
986 1975 1133 2005 crucibulo
1164 1978 1192 2004 ἃ
1219 1975 1331 2004 inverso

107 2020 186 2057 prius
207 2020 319 2060 operuit
335 2040 342 2053 ‚
369 2029 418 2060 per
433 2019 499 2048 06ὶο
516 2019 599 2049 horas
616 2021 644 2048 in
664 2018 779 2050 furnulo
796 2031 881 2062 quem
905 2021 1128 2050 caemeiiratioms
1148 2028 1269 2052 vocant,
1282 2029 1331 2047 au-

108 2060 155 2089 &o
184 2071 232 2101 per
255 2061 357 2097 aradus
373 2063 437 2103 igne
452 2083 460 2095 ‚
478 2072 613 2092 tartarum
632 2062 677 2092 die
691 2063 807 2092 crastina
831 2067 943 2105 nigrum
963 2066 990 2093 ἃ
1010 2061 1179 2090 cal-:iimtum
1193 2064 1330 2102 apparuit.

109 2103 151 2132 Eo
175 2095 285 2134 sublaio
308 2105 365 2135 liccc
386 2104 531 2135 mineralia
555 2116 676 2147 quatuor
699 2109 789 2137 unciis
818 2110 947 2149 graviora
970 2115 1077 2146 raptim
1099 2104 1157 2131 iiwt
1176 2116 1181 2132 ς
1207 2104 1277 2134 idco
1303 2115 1331 2133 ut

1120 2148 1139 2176 l}
1159 2148 1188 2187 ii)
