1638 2345
219 165 308 193 Ans.

218 208 297 237 1688.

333 126 388 157 ψ
607 114 778 148 REGIAE
838 111 1226 144 scrrNTiARuM

333 159 414 190 libris
434 170 462 190 v.
476 170 519 202 gr.
545 157 643 190 Laccae
662 162 710 190 va
734 170 754 194 4
774 158 865 187 uncia:
885 167 963 199 aquae
983 155 1142 191 still-uitis,
1163 156 1208 187 sed
1233 166 1274 187 22
1295 159 1385 188 unciae
1405 155 1465 188 olei
1489 157 1553 190 sunt

331 203 462 237 ςάυέὶπς
487 213 571 246 caput
593 213 738 232 mortuum
761 212 772 239 3
791 203 939 231 unciarum
955 210 1020 230 curn
1042 198 1151 230 semisse
1163 199 1333 231 calcinariam
1349 201 1384 232 ad
1406 213 1491 232 unam
1507 213 1553 232 re-

330 245 446 276 <lacrum
469 246 507 276 est
528 246 705 276 drachmam.
728 244 811 275 Idem
837 245 962 275 materia:
984 241 1095 286 pondus
1120 245 1150 273 in
1170 242 1304 273 omnibus
1336 241 1393 275 fere
1413 244 1554 277 servatum

329 289 366 319 cst
380 311 389 323 ‚
401 300 415 319 2
432 300 533 331 nempe
554 287 701 318 librarum.

371 334 382 361 l
399 335 421 362 Ι.
454 334 526 362 Tres
546 342 593 361 aut
613 334 727 362 circiter
751 330 951 362 terebinthinae
970 333 1089 361 Veneta:
1114 329 1191 362 libroe
1204 353 1213 365 ,
1247 340 1303 361 tres
1326 329 1438 360 tantum
1457 334 1554 362 uncias

326 385 391 405 tuin
418 374 523 404 lemill'e
547 372 687 415 liquoris,
711 388 740 414 39
765 378 794 405 &
822 373 903 404 semis
922 373 979 404 olei
1003 373 1156 416 praebuere.
1179 374 1283 403 Eidcm
1307 371 1359 403 fuir
1389 377 1458 404 ratio
1473 373 1555 405 colo-

326 419 463 459 plwniae·‚
489 415 561 447 nihil
582 415 638 448 fere
658 417 720 448 salis
741 429 773 447 cx
787 416 910 458 utrisque
927 417 1052 460 prodiit,
1078 416 1123 446 scd
1147 417 1161 446 ὲ
1181 416 1276 447 resinae
1299 428 1314 446 ι.
1338 415 1417 446 libris
1433 427 1555 458 quatuor·

327 458 389 489 salis
412 459 554 490 drachmae
577 471 643 490 cum
665 459 771 491 semill'e
793 459 923 493 educ-”ht3
949 465 986 490 26
1010 462 1100 490 unciae
1123 471 1187 489 cuin
1211 473 1230 497 4
1259 459 1402 489 drachmis
1431 460 1488 490 olei
1503 482 1511 494 ‚
1534 471 1554 497 4

323 505 415 533 uncia:
434 503 507 533 acidi
526 502 644 546 liquoris
663 516 669 534 :
691 507 739 547 qui
765 506 890 546 primum
920 505 987 533 exiit
1006 501 1120 544 liquor,
1145 501 1215 535 folia
1235 505 1321 545 piccae
1343 501 1451 532 arboris
1475 503 1557 546 sapoq

325 556 355 575 re
380 549 409 576 &
430 546 519 576 odore
538 544 689 578 referebat.

370 590 441 621 111.
476 592 518 621 Ex
548 589 690 619 bitumine
718 589 797 632 quod
822 588 980 631 asphaltum
1010 599 1116 620 vocant
1133 611 1143 624 ‚
1170 590 1219 619 vix
1239 600 1295 620 una
1316 599 1394 630 aquae
1414 587 1555 620 stillatitiae

325 634 432 667 uncia,
459 632 505 663 scd
527 631 584 662 olei
607 644 640 670 14
663 634 723 663 sunt
749 634 889 663 extradat.
923 634 972 662 Sic
1001 635 1114 674 gummi
1136 633 1384 666 Ainmoniacum,
1407 636 1436 663 &
1463 632 1558 663 Elemi.

326 675 429 705 codem
446 675 535 706 modo
557 676 688 706 resoluta.
712 679 752 707 Ex
775 675 888 706 Bdellio
907 678 997 716 major
1014 686 1091 717 aqua:
1108 677 1190 719 copia
1207 675 1328 711 elicitur,
1341 686 1403 717 quae
1419 675 1501 706 acido
1523 678 1555 706 δι

326 717 480 760 sulphureo
494 718 548 749 sale
561 722 762 761 imptaegnatur
779 722 809 749 &
823 729 879 749 una
897 728 962 748 cum
980 717 1046 748 oleo
1066 717 1160 749 stillat.

380 763 489 792 Interea
516 765 555 794 D,
583 764 667 792 Borel
688 764 880 805 experimenta
898 761 1028 802 quaedain
1049 764 1123 792 circa
1143 772 1272 793 mutuam
1291 761 1439 793 acidorurn
1459 764 1489 792 δέ
1514 760 1557 792 sa·

323 803 395 834 lium
412 816 484 846 quos
497 804 599 835 Ali-tali
614 816 716 835 vocant
731 827 740 840 ,
757 808 865 846 quique
878 803 1022 848 sulphurei
1036 804 1098 835 sunt
1110 830 1118 840 ,
1140 816 1264 849 pugnam
1293 804 1450 848 proposuit.
1474 806 1557 847 Aqua

323 847 386 877 ulus
403 848 441 878 cst
456 850 604 879 communi
619 851 648 878 in
666 860 721 891 qua
738 847 799 879 salis
819 847 924 879 Alxali
942 859 1005 890 pars
1020 850 1116 878 minor
1129 859 1214 889 quain
1233 847 1384 879 millesima
1400 859 1458 879 erat
1471 870 1480 883 ‚
1501 859 1558 879 un-

323 892 396 921 ciam
411 892 522 922 vitrioli
541 896 568 923 in
589 893 657 921 οξῒο
677 902 754 934 aquae
772 893 936 921 communis
955 892 1047 921 unciis
1062 890 1194 922 exsolvit.
1221 892 1306 922 Hanc
1323 891 1434 922 virrioli
1454 902 1556 933 aqum]

322 936 401 974 prior
420 934 470 964 illa
490 938 535 966 cui
554 934 697 966 tantillum
715 933 777 964 salis
794 933 898 964 Alxali
912 933 1058 964 addiderat
1074 956 1083 968 ‚
1110 933 1246 965 turbavit.
1268 933 1349 966 {dem
1367 938 1396 965 in
1413 933 1559 966 sublimati

323 975 465 1007 solutione
486 979 713 1021 experimentum
732 977 820 1012 fecit·,
839 980 870 1007 in
888 976 1029 1007 solutione
1042 976 1153 1007 vitrioli
1170 980 1356 1021 praecipitatio
1373 988 1431 1007 non
1449 977 1556 1014 subito,

323 1029 352 1048 ut
369 1020 401 1049 in
422 1019 566 1051 sublimati
575 1019 736 1055 solutione,
755 1020 800 1050 sed
821 1019 958 1063 paulatim
977 1018 1106 1052 efficitur.
1130 1020 1218 1052 Unde
1240 1032 1303 1063 quae
1319 1019 1351 1050 fit
1372 1020 1433 1050 salis
1453 1020 1560 1052 Alxali

323 1063 382 1098 vis,
395 1063 495 1093 melius
517 1075 550 1094 ex
570 1063 688 1094 vitriolo
699 1074 783 1104 quam
797 1075 829 1093 ex
849 1062 1002 1094 sublimato
1013 1062 1201 1105 dignoscitur.
1227 1065 1308 1104 Qin
1329 1067 1359 1095 &
1376 1062 1480 1094 Alxali
1496 1076 1558 1094 ma-

321 1107 366 1145 gis
379 1106 532 1138 debilitato
552 1111 582 1138 &
599 1109 629 1137 in
647 1107 733 1149 dupla
756 1118 836 1148 aquae
859 1109 1035 1148 quantitate,
1057 1106 1192 1146 nonni-hil
1213 1107 1365 1137 sublimato
1388 1109 1418 1136 δε
1437 1106 1558 1138 vitriolo

322 1148 415 1179 visum
433 1151 470 1180 est
490 1150 616 1181 accidere
645 1149 781 1181 sensibilis
814 1153 980 1181 mutationis
999 1161 1008 1185 ς
1031 1160 1106 1180 tanta
1132 1150 1169 1180 est
1190 1149 1273 1192 hujus
1294 1149 1358 1180 salis
1380 1151 1422 1180 vis
1437 1172 1446 1185 ,
1475 1154 1504 1182 δι
1525 1152 1557 1183 in

322 1203 413 1233 partes
432 1196 567 1224 minimas
589 1193 701 1225 divisio.

368 1237 380 1264 1
397 1239 433 1266 V.
472 1240 505 1267 In
524 1239 611 1267 urinae
631 1235 735 1277 analysi
751 1236 808 1267 haec
830 1235 887 1267 fere
906 1234 1109 1267 animadvertit
1138 1237 1178 1267 D.
1196 1236 1280 1268 Borel
1306 1249 1326 1268 ι-
1347 1239 1430 1267 urina
1450 1236 1559 1266 iteratis

321 1277 557 1310 distillationibus
579 1303 588 1315 ‚
613 1291 654 1310 ter
679 1281 817 1310 nimirum
842 1277 996 1310 rcc'tificara
1021 1279 1113 1309 adhuc
1135 1279 1263 1311 turbatur
1289 1293 1294 1310 :
1318 1279 1389 1310 adeo
1411 1292 1440 1311 ut
1464 1289 1558 1322 partes

322 1325 380 1361 ejus
399 1323 429 1351 in
449 1325 510 1364 jugi
530 1334 610 1353 motu
626 1321 721 1365 posita:
735 1323 897 1352 videantur.
923 1333 949 1353 2.
976 1324 1069 1353 Urina
1081 1324 1112 1353 in
1135 1321 1352 1354 fermentatione
1374 1335 1422 1365 per
1445 1323 1557 1363 aliquot

322 1364 380 1393 dies
399 1364 518 1400 sclicla,
544 1368 582 1396 ita
607 1377 636 1396 ut
659 1365 807 1396 dimidiata
829 1365 1031 1395 tantummodo
1052 1387 1061 1400 ‚
1086 1376 1144 1395 non
1167 1365 1250 1408 plena
1272 1364 1336 1396 esset
1352 1364 1556 1400 fermentatio,

322 1405 450 1449 spiritum
465 1408 656 1439 nihilominus
675 1408 755 1439 dedit
768 1433 776 1446 ‚
793 1410 843 1450 qui
862 1419 926 1438 cum
943 1408 1042 1450 spiritu
1058 1409 1119 1438 vini
1141 1408 1304 1450 coagulatur
1318 1430 1326 1443 ‚
1351 1408 1396 1438 scd
1413 1410 1436 1438 is
1458 1407 1558 1438 fluidi-

323 1461 409 1481 tatem
432 1451 507 1482 suam
530 1450 612 1482 facilc
635 1462 798 1495 recuperare
823 1451 922 1493 potest.
949 1462 974 1489 3.
1002 1453 1035 1480 In
1061 1450 1247 1481 distillatione
1273 1454 1400 1494 primum
1424 1450 1559 1494 spiritus,

323 1504 382 1523 tuin
397 1494 544 1536 ‘phlegma
560 1494 709 1538 copiosum
723 1520 731 1533 ,
754 1498 856 1525 iterum
879 1492 991 1536 spiritus
1010 1498 1067 1524 exit
1086 1494 1212 1533 ejusdem
1230 1506 1296 1525 cum
1318 1497 1407 1538 priori
1430 1505 1557 1530 naturae,

321 1540 426 1578 quique
444 1537 583 1568 consimili
603 1538 694 1569 modo
715 1549 780 1568 cum
803 1536 903 1579 spiritu
921 1535 982 1566 salis
1003 1536 1167 1568 effervescit.
1193 1551 1225 1579 4.
1252 1540 1285 1568 Li
1308 1549 1389 1568 uorcs
1411 1535 1557 1568 crassiores

323 1579 372 1609 sub
389 1579 475 1611 finem
495 1580 555 1611 sunt
573 1581 669 1612 educti
689 1592 697 1615 3
718 1580 823 1623 liquori
840 1578 928 1612 rubeo
942 1580 1089 1611 innatabat
1104 1580 1249 1625 pinguedo
1262 1550 1480 1612 inffiammabilis
1493 1590 1556 1622 quae

321 1622 435 1653 videtur
454 1624 507 1654 esl'c
528 1628 644 1655 materia
664 1623 835 1667 Phosphori.

366 1668 404 1695 V.
440 1669 529 1698 Utin·
550 1669 731 1698 Mercurium
751 1667 853 1697 melius
865 1677 951 1710 quain
971 1665 1057 1699 saliva
1075 1666 1165 1702 sistit,
1182 1678 1284 1710 atque,
1303 1678 1334 1698 ut
1353 1671 1430 1697 aiunt
1442 1688 1451 1701 ‚
1465 1665 1558 1696 amah·

321 1719 403 1750 gama
424 1720 457 1739 cx
474 1710 599 1752 utrisque
621 1709 730 1741 firmius
743 1709 876 1741 efficitur.
900 1709 1035 1751 Negabat
1050 1721 1082 1740 cx
1100 1721 1134 1740 co
1154 1709 1258 1741 effectu
1273 1710 1390 1741 salivam
1409 1708 1491 1740 acido
1508 1709 1557 1740 vel

324 1751 427 1782 Alitali
452 1752 505 1783 sale
527 1756 741 1797 impraegnatam
765 1752 897 1785 concludi
916 1751 991 1796 polle
1016 1767 1023 1784 :
1048 1764 1114 1784 cuni
1139 1756 1221 1784 urina
1239 1753 1412 1796 heliotropio
1436 1751 1557 1782 rubeum

323 1794 450 1825 colorem
468 1798 620 1839 impertiat.
644 1798 721 1828 Cum
741 1808 831 1828 autem
849 1808 879 1826 ca
897 1798 1054 1839 proecipitet
1072 1807 1135 1838 quat
1153 1796 1187 1826 ab
1209 1797 1297 1826 acidis
1321 1797 1383 1827 sunt
1399 1794 1557 1830 dissoluta,

323 1838 391 1868 hine
403 1838 547 1881 colligitur
557 1852 618 1870 cain
633 1852 666 1870 cx
679 1840 762 1871 acido
776 1845 805 1871 ὃ(
826 1838 926 1870 Almli
943 1839 1069 1870 constare
1091 1851 1099 1874 ·,
1120 1838 1249 1881 spiritum
1265 1843 1352 1870 utinae
1369 1850 1436 1870 cum
1450 1849 1556 1869 tartaro

323 1881 480 1912 e-:x'rillarum
499 1906 507 1917 ,
529 1894 558 1913 ut
581 1883 708 1925 spiritum
733 1883 795 1914 salis
815 1885 988 1913 ammoniaci
1007 1884 1035 1912 in
1057 1881 1165 1924 frigido
1186 1880 1251 1912 loco
1270 1882 1435 1922 coagulari,
1457 1884 1498 1912 uti
1523 1883 1556 1912 &c

323 1935 388 1954 cunr
410 1925 506 1967 spiritu
526 1937 614 1956 cornu
635 1928 723 1957 Cervi
745 1931 774 1958 ὃ(
793 1925 890 1968 spiritu
906 1928 965 1956 vini
980 1948 988 1960 ‚
1009 1937 1067 1955 non
1086 1928 1153 1955 item
1174 1923 1192 1954 fi
1211 1937 1276 1956 cum
1292 1925 1366 1956 calce
1382 1923 1553 1959 distinetur,

324 1978 384 1997 tuin
402 1972 479 2000 enim
499 1981 557 1999 non
578 1969 743 2000 concrescit.
769 1968 843 1999 Illud
867 1980 981 2011 quoque
1003 1968 1119 2010 subjecit
1143 1967 1196 1998 sale
1212 1971 1308 2000 tartari
1331 1968 1397 2000 licet
1414 1969 1554 2000 acerrimo

323 2009 367 2040 lac
392 2012 573 2054 coagulatum
590 2009 681 2044 fuisse.

368 2057 393 2083 V
409 2058 431 2086 1.
471 2055 635 2087 mimarum
659 2067 774 2100 quoquc
806 2054 932 2096 analyses
962 2054 1024 2084 sunt
1043 2059 1215 2087 continuatae
1245 2059 1275 2086 &
1307 2067 1401 2087 carum
1428 2053 1553 2086 maxime-

322 2108 383 2141 qiut·
402 2098 417 2128 ,ἰ
436 2100 476 2131 D.
498 2101 650 2131 Mirchant
669 2102 814 2143 primum,
836 2109 898 2140 tum
918 2097 934 2129 ὲ
955 2099 998 2129 D.
1012 2099 1125 2136 Dedart
1140 2104 1198 2143 jam
1220 2110 1299 2130 crant
1323 2098 1468 2141 descriptae
1483 2120 1493 2134 ‚
1520 2101 1552 2130 &C
