1638 2345
284 115 589 147 ACADEMIAE
623 111 1111 145 HISTORIA.L13.11.
1256 123 1304 151 157

76 168 185 189 annum
205 157 260 189 fiait
279 158 469 190 observatum.
503 159 594 190 AEstus
615 161 733 189 maximi
755 157 817 189 sunt
840 161 913 188 circa
934 157 1104 199 :equinoffia
1121 177 1130 191 ,
1152 154 1199 186 scd
1218 153 1304 186 diffe-
1322 153 1418 195 Phyll<

80 205 170 233 rencia
188 201 262 233 ultra
279 201 324 232 sex
344 203 450 245 digitos
471 214 530 233 non
550 204 679 233 excurrit.
1320 207 1351 226 cae
1361 196 1421 226 Οθ-

113 257 140 285 3.
176 246 278 276 Tertio
289 246 349 288 post
365 245 546 277 novilunium
558 268 567 280 ‚
593 256 638 275 aut
655 244 844 287 plenilunium
863 242 910 273 die
920 246 1013 284 major
1032 242 1070 273 est
1086 242 1261 284 aestu5.quam
1278 241 1388 280 insero,

80 287 234 319 novilunio
247 312 256 324 ‚
273 300 319 319 aut
332 288 492 332 plenilunio
504 311 512 323 ,
535 300 566 319 ut
589 292 617 319 in
634 289 752 331 Europae
772 286 911 318 littoribus
928 289 1030 317 evenit.

124 333 195 362 111.
234 331 466 362 Declinationem
482 335 618 374 magnetis
630 358 637 367 ,
655 342 701 362 aut
718 330 843 362 Versorii
860 342 888 361 n.
907 329 1046 373 graduum
1066 330 1221 360 Orientem
1242 339 1308 358 ver-

82 373 125 404 sus
145 377 254 406 invenit
270 398 279 410 ,
302 374 519 406 inclinationem
545 386 610 406 vero
629 386 657 416 55
679 374 758 415 grad.
777 376 916 416 comperit
942 385 948 403 :
975 372 1046 403 adeo
1067 383 1098 403 ut
1118 370 1191 402 illud
1209 382 1308 401 verum

83 428 142 448 non
169 417 223 453 sit,
249 418 412 449 Versorium
435 421 463 448 in
486 417 590 461 pyxide
611 420 719 448 nautica
749 428 857 447 tantum
878 416 1001 459 deprimi
1024 439 1033 452 ‚
1055 425 1195 458 quantum
1225 413 1311 445 Polus

82 459 232 492 attollitur.
266 463 346 492 Nam
371 461 436 492 Poli
461 460 581 493 altitudo
602 472 636 491 eo
660 459 716 491 loci
732 461 770 490 est
794 459 996 491 tantummodo
1021 471 1039 495 4
1056 458 1196 502 graduum
1215 462 1245 489 ὅ(
1274 461 1312 498 36

81 513 271 535 minutorum.

130 549 193 579 1v.
231 549 315 578 Circa
338 546 499 591 crepustula
527 547 556 577 id
575 559 688 590 quoque
711 548 850 589 comperit
874 558 911 588 45
935 548 1051 576 minutis
1081 555 1143 574 ante
1166 543 1241 574 Solis
1265 555 1316 574 or·-

84 600 167 626 mm,
187 590 231 621 vel
252 591 313 634 post
334 591 409 622 illius
429 590 558 621 occasum
579 590 634 633 legi
667 591 748 621 facile
776 588 852 633 posse
880 603 886 620 :
914 588 985 618 adeo
1009 599 1039 618 ut
1068 591 1115 618 a'c't
1136 590 1169 617 iis
1194 590 1222 617 in
1245 585 1315 617 locis

84 643 144 663 non
166 636 260 664 minus
273 633 305 664 fit
318 635 418 664 crassus
432 638 463 665 &
480 632 698 664 refraenonibus
718 632 863 663 obnoxius
884 643 969 675 quam
984 635 1013 662 in
1027 629 1231 673 frigidioribus.

131 678 170 708 V.
207 677 427 719 Hydrargyrum
448 681 477 707 in
501 678 665 707 Barometro
686 676 720 707 ad
745 687 785 715 27
811 675 968 717 digitorum
994 677 1023 705 δε
1045 685 1150 704 novem
1177 673 1317 704 linearum

84 718 170 761 usque
184 718 365 751 altitudinem
386 719 501 755 attolli,
523 731 573 750 nec
593 720 666 750 infra
686 730 722 757 27
744 719 850 761 digitos
869 721 899 749 &
921 729 1007 748 unam
1023 716 1128 747 lineam
1146 716 1318 747 descendere

83 766 225 805 comperit
246 777 253 794 ι
277 765 314 793 ita
335 775 365 794 ut
386 763 461 794 idem
482 762 514 793 fit
535 774 605 806 pene
620 766 694 793 a'eiris
718 760 913 794 incumbentis
935 760 1051 804 pondus
1071 771 1160 802 prope
1181 760 1320 802 AEquato-

85 817 146 836 rem
166 817 248 848 atque
264 807 294 836 in
312 806 382 837 locis
404 806 439 837 ab
462 818 495 836 eo
519 804 732 837 remotioribus.
759 807 850 835 Locus
873 807 950 834 enim
965 806 993 833 in
1013 814 1070 846 quo
1085 803 1127 832 hae
1148 801 1229 832 facta:
1256 803 1317 833 sunt

85 847 298 880 observationes
317 862 352 881 20
370 849 571 880 tantummodo
584 860 630 879 aut
650 860 680 888 ²5
701 848 820 892 pedibus
833 846 917 878 altior
929 857 988 877 erat
1000 849 1086 877 maris
1101 844 1256 889 superficie.

130 894 193 924 VI.
233 894 280 923 De
302 896 393 924 ventis
421 893 480 923 baec
508 892 543 923 ab
560 904 594 923 eo
615 891 678 922 sunt
696 891 844 923 observata
868 913 878 926 ‚
901 892 973 921 hanc
1001 892 1148 932 regionem
1166 912 1175 924 ,
1199 899 1318 931 qumque

87 935 271 966 Amazonum
286 934 397 966 flumini
416 936 454 966 est
468 934 592 966 finitima
604 961 614 975 ,
634 946 786 966 ventorum
805 936 956 965 mutationi
969 935 1063 963 minus
1080 931 1218 972 subiacere
1231 942 1318 974 quam

87 981 271 1020 circumjecta
287 981 405 1020 Europae
421 977 524 1011 littora.
548 981 636 1009 Venti
655 978 690 1008 ab
706 980 830 1009 Oriente
849 977 952 1019 spirant
970 977 985 1006 ὲ
1007 975 1101 1006 mense
1115 975 1194 1017 julio
1207 974 1242 1004 ad
1257 976 1319 1005 De-

87 1021 212 1052 cembris
232 1022 318 1066 usque
338 1021 426 1052 finem
441 1047 449 1057 ,
472 1021 509 1052 fic
527 1033 621 1053 tamen
643 1032 672 1051 ut
688 1021 722 1052 ad
739 1023 860 1051 Boream
873 1019 1028 1050 defleetant
1045 1031 1052 1053 ς
1073 1018 1088 1048 ὲ
1106 1016 1261 1049 Deccmbri
1283 1017 1320 1048 ad

87 1063 198 1106 Julium
214 1088 223 1100 ,
252 1077 317 1097 cum
332 1068 379 1096 a'e‘r
403 1068 431 1095 in
454 1065 575 1095 imbrem
593 1065 711 1096 solvitur
732 1086 741 1099 ,
759 1062 794 1094 ab
816 1065 939 1094 Oriente
960 1062 1056 1093 versus
1077 1062 1210 1092 Austrum
1227 1060 1318 1090 decli-

89 1118 166 1140 nant.
201 1110 284 1146 Hora
307 1108 365 1139 fere
384 1110 484 1138 oetava
507 1111 645 1151 incipiunt
659 1130 668 1143 ‚
692 1108 753 1150 post
773 1106 902 1137 occasum
927 1105 1001 1136 Solis
1017 1104 1152 1149 paulatim
1169 1104 1319 1138 definunt3

89 1160 150 1181 turn
169 1151 287 1183 redeunt
304 1162 387 1182 mane
406 1151 486 1181 simul
503 1155 533 1183 δε
551 1162 687 1193 augentur
701 1172 709 1185 ,
728 1161 792 1181 cum
808 1149 884 1180 Solis
903 1148 984 1192 supra
1000 1150 1182 1179 horizontem
1198 1146 1320 1178 altitudo

88 1195 188 1225 crescit
211 1208 219 1225 τ
244 1194 319 1225 unde
335 1194 436 1225 caloris
455 1195 550 1225 aestum
571 1205 629 1224 non
651 1192 832 1224 mediocriter
848 1203 1019 1234 temperant.
1043 1192 1208 1226 Tonittua,
1233 1189 1319 1221 exha-

89 1235 211 1267 lationes
225 1237 409 1268 inflammatae
425 1260 432 1272 ‚
449 1240 501 1268 Iris
517 1236 575 1281 ipsa
586 1260 596 1273 ,
609 1240 639 1268 Sc
652 1236 705 1267 alia
719 1246 845 1267 meteora
864 1247 923 1266 non
939 1237 1034 1266 minus
1046 1234 1142 1265 crebra
1164 1235 1226 1265 sunt
1239 1243 1322 1274 atque

89 1282 120 1311 in
143 1279 246 1311 Gallia.

135 1323 276 1365 Qaedam
303 1323 415 1364 subjicit
434 1324 469 1355 de
494 1323 639 1355 nonnullis
658 1322 828 1353 animalibus
852 1333 909 1352 non
929 1320 1098 1353 omittenda.
1131 1319 1321 1352 Testudinum

76 1366 255 1409 ‘sanguinem
278 1366 459 1409 frigidiorem
490 1367 543 1397 esl'e
565 1379 635 1410 aqua
664 1370 723 1408 ejus
746 1368 869 1408 regionis
892 1378 898 1396 ε
920 1376 984 1395 cum
1006 1364 1115 1407 sanguis
1136 1362 1267 1394 tutilonis
1293 1375 1320 1393 v.

91 1411 238 1450 Marfhkin
260 1422 318 1441 non
339 1414 433 1441 minus
451 1409 540 1442 caleat
560 1421 646 1452 quam
665 1410 834 1440 terrestrium
855 1411 1052 1438 animantium.
1084 1420 1108 1438 z.
1131 1404 1321 1437 Crocodilum

90 1452 165 1483 vidit
186 1464 286 1494 magna
307 1453 446 1485 inclusum
471 1464 535 1484 arca
564 1456 613 1495 qui
641 1464 686 1496 pet
719 1453 786 1483 osto
810 1451 918 1482 menses
942 1450 1014 1482 nihil
1034 1450 1215 1481 manducavit
1244 1462 1250 1480 :
1273 1449 1322 1480 etsi

93 1494 182 1538 pisces
206 1496 363 1527 devorandi
388 1500 415 1526 in
437 1508 529 1528 arcam
552 1499 769 1537 conjicerentur.
791 1507 813 1533 3.
839 1493 920 1524 Alius
945 1495 982 1524 est
1004 1494 1084 1537 piscis
1110 1504 1163 1523 tres
1187 1503 1233 1522 aut
1250 1504 1323 1536 qua-

93 1548 158 1568 tuor
178 1537 262 1580 pedes
278 1538 380 1581 longus
396 1551 454 1570 non
474 1538 616 1571 dissimilis
630 1550 739 1580 congro
759 1542 807 1582 qui
831 1537 923 1579 digito
936 1560 944 1572 ,
967 1541 1025 1567 imo
1041 1541 1070 1568 &
1088 1536 1181 1567 baculi
1195 1546 1322 1565 extremo

93 1583 239 1612 contactus
261 1583 372 1626 stupore
393 1581 479 1614 afficit
495 1582 645 1614 brachium
666 1586 694 1613 &
715 1585 885 1624 vertiginem
904 1579 1107 1611 tenebricosam
1133 1589 1208 1609 creat
1221 1601 1229 1613 ‚
1245 1582 1324 1618 cujus

93 1627 134 1654 rei
156 1624 313 1667 periculum
335 1629 341 1656 i
367 1626 390 1655 se
414 1626 489 1658 fecit.
525 1627 571 1656 Est
591 1637 706 1669 quoque
731 1628 759 1655 in
782 1637 813 1655 ea
835 1626 950 1666 regione
967 1622 1114 1664 quoddam
1138 1622 1193 1652 suis
1214 1632 1324 1664 genus,

94 1669 125 1697 in
143 1672 224 1708 cujus
243 1679 322 1710 tergo
333 1639 461 1699 AEtamen
481 1681 556 1712 patet
569 1692 578 1704 ,
602 1681 650 1712 per
669 1669 748 1712 quod
765 1667 885 1699 multam
902 1669 1007 1710 emittit
1021 1665 1148 1709 spumam
1165 1688 1174 1700 ‚
1192 1676 1258 1695 cum
1278 1676 1325 1695 ca-

96 1721 145 1740 nes
163 1711 246 1742 illum
268 1712 464 1754 insequuntur.
486 1714 543 1743 Cui
561 1712 623 1742 usui
636 1711 711 1743 illud
732 1711 799 1741 esset
816 1710 945 1741 foramen
960 1732 968 1744 ,
987 1709 1134 1752 explorate
1152 1707 1256 1738 voluit.
1278 1709 1326 1738 An

98 1752 172 1785 forte
192 1754 323 1788 ducendo
347 1758 405 1786 a'e'ri
426 1755 492 1786 effer
511 1755 677 1786 destinatum
700 1768 707 1785 ε
732 1754 778 1784 sed
794 1757 824 1784 in
842 1752 963 1784 dissecto
980 1752 1095 1782 animali
1116 1751 1209 1783 nullus
1228 1749 1266 1781 'ad
1280 1754 1327 1781 in-

98 1799 214 1828 tetiotes
230 1809 319 1839 partes
335 1798 426 1829 aditus
441 1798 551 1841 patebat
568 1813 575 1830 ι
591 1797 734 1829 orificium
749 1797 893 1828 dumtaxat
905 1796 998 1826 visum
1017 1796 1051 1826 ess
1065 1795 1211 1837 cujusdam
1225 1792 1326 1837 pelvis,

98 1839 189 1882 qualis
211 1839 298 1870 ferme
321 1842 357 1871 est
371 1844 398 1871 in
421 1841 557 1877 renibus,
576 1841 711 1883 glandula
732 1838 879 1884 spongiosa
902 1841 1012 1870 cinetae.

142 1885 189 1913 V1
203 1886 225 1914 Ι.
260 1887 333 1925 Qae
352 1888 461 1927 gummi
479 1897 589 1928 guttam
607 1884 746 1928 proferret
760 1906 768 1918 ‚
791 1882 876 1914 arbor
890 1893 925 1912 an
946 1881 1036 1914 frutex
1051 1904 1060 1917 ‚
1081 1881 1242 1912 dubitatum
1256 1879 1327 1910 olim

100 1923 155 1955 fuit
176 1939 183 1956 :
205 1926 335 1957 arborem
355 1938 458 1969 quercu
473 1941 530 1959 non
546 1930 688 1959 minorem
706 1926 759 1957 effe
773 1928 925 1969 comperit.
951 1927 994 1956 Ac
1011 1925 1181 1967 quibusdum
1196 1927 1223 1954 in
1239 1925 1328 1953 Ame-

100 1971 165 1999 rica:
189 1968 258 1999 locis
278 1969 367 2009 sylvas
387 1972 428 2002 his
451 1971 601 2002 arboribus
627 1970 740 2002 refertas
763 1972 882 2000 invenit·
914 1968 1040 2001 Uberior
1062 1967 1157 2000 succus
1173 1971 1244 1997 inter
1264 1977 1327 1995 cor-

100 2022 185 2042 ticem
208 2016 237 2042 8<
262 2012 370 2055 lignum
393 2014 544 2046 interfusus
567 2014 671 2044 flavum
692 2013 819 2044 colorem
846 2012 931 2055 praese
953 2013 1005 2043 fert
1030 2034 1038 2046 ,
1065 2023 1095 2041 ut
1117 2012 1226 2052 gummi
1250 2008 1327 2051 <11¹0d

101 2058 233 2085 exteriori
251 2060 351 2086 cortici
370 2058 542 2089 adhaerescit.
578 2057 682 2088 Incolae
707 2057 803 2088 colitis
825 2055 973 2088 doloribus
994 2054 1087 2086 affecti
1103 2076 1112 2088 ,
1136 2051 1239 2096 qulbus
1265 2051 1327 2082 sunt

103 2097 258 2130 admodum
274 2098 393 2131 obnoxii
410 2127 416 2135 ‚
440 2102 494 2133 hoc
509 2101 697 2132 medicamine
714 2103 755 2131 uti
770 2098 871 2131 solent.

1060 2142 1086 2169 V
1120 2142 1150 2180 iij
