1638 2345
316 134 350 161 16
579 129 758 161 REGIAE
816 129 1198 162 SCIENTIARUM

201 173 288 203 Anu.
314 172 333 203 fi
345 172 489 205 nonnullis
510 174 660 216 Chymicis
685 172 756 203 fides
774 173 908 204 habeatur
921 195 929 208 ,
946 196 955 209 ‚
981 177 1092 216 magnis
1107 172 1221 204 dotibus
1242 173 1358 217 ptaedita
1374 175 1412 206 est
1426 189 1433 207 τ
1447 174 1534 206 dolo-

200 220 287 255 ³⁶⁶7·
311 227 355 247 res
374 215 462 253 lenit,
490 228 657 249 cancrorum
679 219 708 247 δέ
725 215 852 247 ulcerum
876 219 1062 248 acrimoniam
1083 221 1207 259 mitigat.
1225 217 1316 257 Qod
1338 221 1459 263 experiri
1476 230 1535 250 non

311 259 349 290 est
367 258 507 295 difficile3
530 260 576 292 sed
597 263 628 290 iis
653 257 724 289 fides
737 271 796 291 non
819 259 924 291 temet&
945 260 982 291 cst
1001 251 1170 291 adhibenda.

737 385 770 420 C
795 386 829 422 A
855 388 880 423 P
904 389 943 425 U
966 386 1000 422 T
1054 385 1069 420 1
1092 388 1119 422 1.

541 479 588 508 De
607 474 681 507 aliis
700 473 886 522 quibusdam
907 473 1125 523 experimentis
1146 472 1316 521 cbymicis.

410 560 438 588 Is
459 562 488 590 in
507 558 668 590 universim}
690 558 726 589 de
741 561 851 590 ratione
877 571 909 590 ex
933 563 1068 590 erimcnta
1087 558 1211 590 faciendi
1228 571 1310 603 atque
1330 559 1365 590 ab
1383 559 1444 590 aliis
1460 558 1534 590 fasta

409 601 568 633 excutiendi
582 602 706 633 breviter
723 601 853 633 delibatis
864 625 873 638 ,
890 572 994 646 pEcuit
1005 602 1021 631 ὲ
1033 602 1182 644 Chyrnicis
1196 606 1307 634 initium
1319 602 1419 634 ducere
1430 624 1439 638 ,
1456 602 1534 646 quod

310 644 369 675 haec
391 655 433 674 ars
457 648 539 676 novis
559 648 681 676 inventis
699 643 732 676 stt
754 644 884 676 feracior.

333 690 356 718 1.
383 688 456 718 Non
474 699 506 718 ea
529 687 619 718 solum
635 700 697 731 qua:
711 687 746 719 ad
762 688 919 719 naturalem
942 688 1086 719 historiam
1099 713 1108 727 ,
1125 700 1171 720 aur
1188 688 1222 719 ad
1245 688 1408 721 consuetum
1428 699 1533 720 naturae

309 730 440 761 ordinem
460 735 622 774 pertinent,
648 731 810 774 diligentius
834 731 1009 762 observanda
1032 731 1199 763 existimavit
1223 732 1378 764 Academia
1392 754 1401 767 ‚
1424 731 1469 762 scd
1485 731 1535 762 illa

308 785 421 817 quoquc
441 786 503 817 quae
523 775 558 804 ad
577 785 649 805 artes
671 774 688 804 s
703 776 795 804 ectant
809 774 985 805 mechanicas
997 797 1005 810 ‚
1022 778 1052 805 δέ
1073 786 1118 805 eas
1132 776 1255 806 maxime·
1272 788 1334 819 quae
1351 787 1384 805 ex
1405 775 1534 815 Chymia

309 818 443 860 pendent.
464 817 544 847 Nam
562 828 591 847 ut
609 787 728 861 pulcgt&
748 816 859 859 Angliae
873 817 1070 848 Cancellarius
1102 817 1262 850 franciscus
1285 821 1378 853 Bam,
1399 819 1534 862 quemad-

308 859 429 890 modum
443 860 574 904 cujusque
594 863 738 903 ingenium
759 859 862 890 melitis
882 863 910 891 in
935 860 1057 891 adverfis
1075 886 1083 898 ‚
1102 873 1147 892 aut
1164 865 1192 892 in
1218 862 1426 905 perturbatione
1440 860 1534 905 aliqua

308 902 420 933 insolita
443 902 469 933 lc
483 904 578 948 prodit
591 925 600 938 ‚
615 903 702 947 quam
717 903 766 934 ubi
779 907 878 934 omnia
889 915 922 933 ex
937 907 1034 934 animo
1056 902 1165 935 fluunt:
1182 903 1217 935 fic
1233 917 1337 935 natura·
1358 916 1457 934 arcana
1470 903 1534 935 lon-

307 945 343 987 g&
362 945 474 978 facilius
493 947 749 996 deprehendimus,
771 957 836 977 cum
856 957 905 990 per
926 949 1022 989 ignem
1042 958 1089 978 aut
1107 946 1162 978 alia
1186 951 1252 978 artis
1271 948 1442 979 adminicula
1457 947 1533 978 vat-i&

308 999 471 1033 torquetur,
488 1001 574 1033 quam
592 989 639 1020 ubi
660 993 758 1020 itinere
791 988 897 1020 uodam
918 988 967 1020 suo
985 989 1173 1033 progreditur.
1196 991 1300 1034 Neque
1322 994 1350 1021 in
1367 1002 1422 1021 una
1441 1002 1470 1020 re
1481 990 1536 1021 ali-

307 1044 362 1075 qua
385 1036 580 1076 experimenta
601 1032 729 1063 consumi
745 1002 873 1063 dcclwnt:
898 1032 1003 1063 nullius
1023 1037 1098 1064 enim
1114 1036 1153 1063 rei
1173 1044 1270 1063 natura
1292 1033 1434 1077 perspctsta
1451 1033 1534 1064 nobis

307 1078 361 1105 erit
382 1078 411 1106 &
436 1079 548 1118 cognita
563 1098 573 1111 ‚
598 1073 649 1107 nifi
669 1086 734 1106 cum
756 1074 817 1106 aliis
832 1085 1034 1118 comparetur,
1056 1087 1172 1120 qumque
1185 1079 1212 1107 in
1228 1088 1255 1106 re
1273 1089 1326 1107 una
1343 1076 1485 1108 interdum
1505 1075 1533 1106 se

307 1117 432 1149 occultat
446 1144 454 1157 ,
472 1122 500 1149 in
522 1117 576 1148 alia
592 1118 618 1149 sc
638 1116 812 1149 manifestam
837 1117 913 1149 facit.
924 1119 1014 1160 Qod
1028 1119 1145 1163 quidem
1166 1120 1303 1164 exemplis
1315 1123 1437 1163 apertius
1446 1119 1533 1164 quam

308 1159 394 1203 longa
412 1165 540 1192 oratione
558 1160 616 1192 fier.

342 1206 388 1236 ΙΙ.
412 1203 535 1236 Nullum
555 1202 613 1235 fere
628 1202 791 1247 exemplum
807 1203 903 1236 afferri
920 1205 1009 1249 potest
1023 1230 1031 1242 ‚
1045 1204 1124 1247 quod
1141 1204 1223 1236 latius
1260 1217 1350 1241 areat,
1374 1217 1421 1237 aut
1442 1208 1533 1243 majo-

306 1249 345 1276 ris
368 1245 477 1279 fitusfis
486 1247 571 1291 quam
588 1247 624 1277 sal
641 1250 776 1278 marinus.
801 1249 888 1279 Hunc
904 1259 937 1278 cx
959 1247 1109 1291 sulphureo
1131 1251 1161 1279 ὅ(
1182 1219 1263 1279 acide>
1284 1249 1410 1280 constare
1422 1247 1532 1280 vetiffi-

307 1302 387 1321 mum
406 1291 540 1322 videtur:
562 1303 629 1321 nam
651 1290 730 1334 sapor
753 1289 829 1321 illius
848 1303 882 1321 ex
901 1294 959 1322 acri
983 1294 1013 1322 &
1029 1291 1111 1322 acido
1132 1303 1299 1335 temperatus
1316 1296 1345 1323 &
1360 1291 1455 1336 palato
1467 1304 1533 1335 gra-

308 1343 350 1364 tus
370 1334 493 1378 idipsum
515 1333 676 1365 confirmat.
705 1333 759 1364 Sed
779 1345 873 1365 tamen
894 1346 957 1364 eum
978 1338 1066 1377 magis
1093 1333 1273 1378 sulphureum
1291 1335 1344 1366 ess'c
1366 1335 1453 1379 quim
1477 1338 1532 1367 aci-

306 1376 376 1407 dum
397 1377 463 1408 hinc
482 1377 581 1420 colligi
603 1377 692 1421 potest
704 1399 713 1412 ,
731 1376 810 1420 quod
827 1389 915 1413 auro,
933 1377 1030 1408 stanno
1047 1400 1056 1413 ‚
1077 1381 1236 1408 antimonio
1259 1381 1289 1409 &
1304 1378 1366 1409 aliis
1391 1378 1532 1410 minerali-

306 1419 357 1450 bus
391 1433 452 1464 qua:
491 1419 621 1464 sulphure
648 1419 817 1455 abundant,
844 1419 1031 1451 dissolvendis
1064 1420 1256 1457 adhibeatu13
1280 1425 1452 1453 mercurium
1483 1433 1531 1452 ve-

306 1462 340 1492 ῐὸ
360 1466 390 1493 ὅ(
407 1475 553 1506 argentum
577 1467 605 1494 in
622 1466 699 1506 aquis
721 1464 826 1505 Stygiis
848 1462 979 1494 dissoluta
1000 1468 1164 1507 pratcipirct.
1185 1467 1219 1494 In
1245 1477 1279 1494 eo
1296 1476 1389 1495 tamen
1409 1465 1447 1495 sal
1466 1468 1532 1508 qui-

305 1505 371 1536 dam
387 1506 559 1538 mercurialis
573 1507 641 1537 inest
660 1506 755 1537 acidus
775 1509 804 1536 ὃ(
823 1506 838 1536 ὲ
864 1505 979 1537 virriolo
1004 1518 1061 1537 non
1085 1507 1252 1538 abhorrens.
1267 1508 1357 1549 Qod
1376 1511 1472 1552 utique
1489 1509 1531 1541 D.

306 1549 357 1579 Du
382 1549 453 1580 clos
478 1562 508 1579 ca
530 1553 639 1580 ratione
664 1549 872 1592 comprobavit.
903 1549 973 1579 Salis
1000 1553 1101 1580 marini
1125 1554 1153 1580 in
1174 1561 1244 1592 aqua
1262 1550 1404 1587 exsoluti,
1429 1555 1460 1582 δι
1481 1563 1530 1595 per

305 1592 431 1624 chartam
451 1592 575 1623 bibulam
602 1594 710 1631 trajcffi
732 1604 837 1623 novem
863 1591 948 1623 libras
970 1592 1028 1636 leq'
1045 1596 1117 1635 ignis
1137 1593 1225 1624 calori
1246 1594 1374 1632 admovit
1395 1608 1401 1625 :
1423 1598 1471 1637 qui
1493 1606 1528 1625 ex

304 1646 375 1678 aqua
395 1636 527 1679 paulatim
547 1635 760 1670 concrcsccbat,
782 1634 867 1665 salem
889 1634 1006 1676 collegit
1020 1658 1028 1670 ,
1050 1637 1141 1666 donec
1158 1640 1184 1667 in
1200 1635 1291 1668 fundo
1305 1650 1359 1669 una
1375 1648 1482 1668 tantum
1495 1649 1529 1668 :t-

304 1690 366 1721 quae
383 1678 454 1710 libra
471 1677 616 1723 supere-flet
629 1701 637 1715 ‚
659 1690 720 1723 quae
744 1677 854 1709 nullum
873 1670 996 1722 amplius
1012 1677 1095 1709 salem
1116 1679 1233 1722 przcbuit
1247 1703 1258 1715 ‚
1284 1680 1375 1711 donec
1394 1683 1458 1723 igne
1479 1692 1528 1711 ve-

304 1721 482 1753 hementiore
501 1725 595 1753 omnis
619 1734 688 1765 aqua
712 1720 871 1752 exhalass‘ct.
891 1723 969 1752 Tum
982 1721 1052 1753 vero
1073 1722 1110 1752 sal
1129 1722 1244 1766 quidam
1260 1723 1381 1766 stipticus
1401 1728 1432 1754 δε
1451 1735 1528 1755 accr-

305 1763 355 1795 bus
372 1770 508 1809 appatuit.
536 1767 594 1796 Hic
616 1768 645 1795 in
665 1777 734 1808 aqua
753 1764 900 1796 diffolutus
919 1764 1014 1796 oleum
1028 1765 1072 1796 scu
1093 1765 1178 1796 salem
1191 1769 1285 1797 tartari
1305 1770 1333 1797 in
1345 1766 1442 1798 album
1461 1778 1528 1798 coa-

303 1807 401 1849 gulum
421 1812 571 1840 convertit.
588 1808 677 1851 Qod
697 1807 733 1838 sal
756 1819 818 1838 ante
839 1810 979 1839 extrac'rus
1000 1820 1058 1840 non
1083 1807 1166 1840 fecit:
1191 1812 1212 1839 is
1228 1812 1305 1840 enim
1323 1809 1420 1841 oleum
1445 1821 1528 1842 tarta-

303 1853 327 1880 ri
350 1850 401 1882 sibi
413 1863 564 1894 cognatum
583 1864 641 1882 non
666 1855 858 1894 ptaecipiravit.

334 1897 404 1924 111.
429 1895 556 1938 Idipsum
570 1898 597 1925 in
617 1907 687 1938 aqua
705 1898 811 1925 matina
830 1899 887 1937 jam
908 1907 1037 1940 expertus
1052 1894 1160 1931 fuerat3
1179 1897 1325 1941 postquam
1344 1901 1420 1928 enim
1442 1896 1528 1933 salem

303 1938 398 1968 nostro
417 1949 475 1968 non
496 1936 661 1969 diffimilcm
674 1937 820 1968 moderato
843 1938 937 1969 calore
961 1939 1115 1982 p1·aebttilset
1129 1962 1137 1974 ‚
1160 1939 1245 1970 alium
1270 1940 1349 1971 dedit
1370 1941 1454 1971 salem
1478 1945 1527 1985 qui

304 1982 376 2022 mgr&
395 1981 591 2012 concrtstcbit
605 2006 613 2019 ‚
630 1984 657 2011 &
680 1981 808 2011 accibant
831 1982 1018 2026 stipticitatcm
1041 1983 1156 2013 vitriolo
1179 1995 1236 2014 non
1255 1983 1410 2014 absimilem
1454 1996 1488 2015 rx
1501 1985 1527 2015 se

303 2022 419 2055 terrim.
438 2026 497 2056 Hic
515 2024 610 2055 oleum
636 2024 681 2054 stu
704 2023 789 2055 salem
808 2029 903 2056 tartari
921 2026 1047 2069 deliquio
1059 2048 1067 2060 ,
1088 2029 1114 2055 in
1137 2029 1199 2056 a'c'rc
1229 2027 1348 2058 humido
1367 1997 1527 2059 exsolutum

303 2067 425 2097 ‹utbavit
444 2071 473 2098 ὅ(
491 2067 650 2110 coagulavit
663 2090 671 2103 ‚
692 2079 721 2099 ut
743 2067 811 2098 sales
828 2072 932 2111 quique
952 2069 1042 2100 acidi:
1063 2080 1125 2100 cum
1145 2080 1237 2101 tamen
1257 2083 1290 2101 ex
1308 2074 1451 2101 communi
1472 2070 1527 2102 sale

303 2113 333 2140 ὃς
348 2109 414 2140 ako
429 2115 523 2143 tartari
537 2111 629 2155 liquor
646 2111 781 2154 quidam,
800 2123 830 2143 ut
845 2111 956 2153 dictum
971 2113 1007 2145 :st
1023 2135 1032 2148 ‚
1052 2111 1099 2144 fiat
1121 2112 1289 2157 pellucidus.
1309 2115 1386 2146 Rem
1400 2113 1470 2146 verb
1489 2118 1526 2146 ira

1500 2158 1526 2188 st:
