1638 2345
331 161 390 188 332
647 146 820 182 REGIAE
856 144 1244 180 sclENTlARUM.‘

217 193 306 224 ANN.
330 192 402 224 facia
417 194 474 230 est,
498 204 559 225 tum
580 192 668 224 illaeso
689 191 783 223 fructu
805 191 888 223 flores
901 190 1059 221 resecantur
1072 212 1082 226 ,
1103 202 1162 222 non
1183 193 1252 222 item
1266 188 1403 223 fifrustus
1417 188 1446 221 in
1463 196 1546 233 gem:⁶

218 242 304 273 1694.
328 246 374 268 ma
396 236 561 269 delitescat:
591 248 651 267 tum
676 238 753 266 enim
773 234 893 267 floribus
908 234 1030 266 nudatus
1045 236 1126 277 perit.

374 282 412 311 V.
437 281 497 311 Cur
522 290 614 310 autern
634 278 720 311 flores
740 278 821 309 brevi
841 289 969 321 tempore
989 277 1153 312 tabescanr5
1172 277 1274 321 triplex
1297 278 1380 319 hujus
1405 281 1444 309 rei
1466 278 1546 309 causa

325 321 419 354 afferri
436 323 523 365 potest
538 334 544 351 ι
571 333 596 353 ι.
609 322 741 353 vasorum
753 325 888 359 tenuitas,
905 332 968 363 quae
983 319 1068 351 flores
1090 320 1221 364 pediculo
1245 319 1364 363 affigunt
1375 342 1385 355 ,
1411 332 1443 352 ut
1457 325 1486 351 in
1502 333 1546 352 ra-

325 366 456 396 nunculis
471 389 479 401 ‚
504 368 534 395 &
549 377 689 396 anemone
711 365 808 396 videre
823 366 872 397 est.
892 366 965 395 Haec
982 368 1060 395 enim
1073 365 1144 395 adeo
1166 364 1228 394 sunt
1242 363 1354 394 subtilia
1373 385 1382 399 ‚
1408 375 1438 394 ut
1462 363 1546 395 flues

323 419 388 439 cum
411 407 548 450 pediculis
568 410 710 440 coba-rere
732 408 884 440 videantur
903 422 909 439 :
931 407 980 439 ubi
998 406 1123 451 pediculi
1139 406 1203 439 vasa
1221 408 1251 436 in
1272 405 1356 436 flores
1384 418 1454 449 pene
1471 410 1548 437 inte-

323 462 371 491 gra
394 453 581 494 spaigunuu‘,
611 464 641 483 ut
663 455 692 483 in
714 455 799 484 vrriis
823 450 942 483 ellebori
961 454 1035 493 nigri
1057 451 1218 495 speciebus,
1241 461 1302 480 tum
1319 448 1404 480 flores
1418 449 1466 480 diu
1483 461 1548 493 per-

323 494 403 524 stmt.
426 505 452 525 2.
479 497 542 526 Ovi
564 499 582 538 if
595 494 646 525 sius
662 501 692 525 in
715 506 816 525 omnes
839 506 929 536 partes
950 496 1071 524 accretio
1089 495 1153 524 vala
1166 496 1193 523 in
1207 493 1285 527 floris
1302 491 1358 523 basi
1380 491 1468 534 posta
1486 493 1548 523 len-

321 534 372 565 ssrn
397 539 522 574 arceant,
546 549 577 568 ac
599 538 654 568 flas
674 538 731 582 ipsc
753 538 924 568 alimentitio
941 537 1021 567 succo
1039 536 1185 568 fraudatus
1208 539 1289 580 perir.
1311 548 1335 576 3.
1364 537 1474 567 vasain
1487 547 1547 567 em·

321 578 432 620 bryone
458 580 576 611 flaccida
591 585 621 612 δε
643 581 814 624 complicata
843 581 977 624 paulatini
997 583 1143 624 eriguntur
1163 583 1194 611 ὅ(
1217 579 1394 611 renduntur:
1416 578 1490 609 unde
1515 583 1547 610 ὅ(

320 620 414 653 succus
437 622 546 656 facilius
563 635 613 667 per
637 636 668 655 ea
690 635 801 655 morum
825 625 903 654 suum
926 627 1094 659 continuat,
1125 627 1156 655 ὅ(
1184 622 1253 654 folia
1277 645 1286 659 ,
1310 633 1371 664 quae
1390 622 1456 652 hinc
1481 622 1548 652 inde

319 664 355 695 ad
378 665 464 698 larcra
487 666 574 709 pcfita
600 667 660 698 sunt
676 691 684 703 ‚
706 667 816 699 descrit.
835 670 913 698 Tum
938 680 1005 698 vero
1027 666 1123 698 succus
1150 669 1178 696 in
1197 665 1258 696 solo
1281 665 1386 700 calice,
1408 667 1435 694 in
1450 676 1548 707 paren-

319 709 452 749 chymate
471 713 501 741 &
521 710 594 754 pelle
616 711 726 741 fructus
749 714 805 751 jani
823 710 1009 742 :exolescentis
1035 721 1206 754 praepatatus
1229 713 1257 739 in
1277 719 1362 751 grana
1387 707 1444 750 ipsa
1456 707 1547 739 defer—

320 761 383 787 tur,
403 762 525 794 quoium
545 757 634 795 gratia
659 765 764 784 carrera:
794 764 886 797 partes
909 754 1041 784 videntur
1056 753 1091 783 ab
1119 754 1246 783 Auctore
1261 763 1367 783 naturae
1388 750 1544 782 sibricarae.

319 794 410 834 Qod
437 799 587 828 nutritioni
606 796 701 828 minus
727 798 763 828 cst
785 798 922 828 idoneum
938 820 946 832 ‚
969 808 1017 839 per
1040 807 1136 827 coecos
1160 807 1266 827 meatus
1283 806 1329 825 aut
1353 805 1448 825 tenues
1468 793 1547 826 velut

319 836 474 870 holoserici
493 839 569 886 pilos
587 840 721 875 exhalat,
749 851 792 870 aur
813 842 895 872 instar
922 839 1001 871 floris
1028 838 1183 871 subtilioris
1206 837 1320 883 qualem
1341 841 1369 868 in
1394 840 1490 880 prunis
1501 849 1547 868 re-

319 880 448 912 centibus
469 885 632 918 cernimus,
675 884 791 914 aulatim
815 886 984 914 excernitur.

366 925 428 954 VI.
453 926 515 967 Q
533 937 626 956 aurem
668 937 730 956 ores
751 926 767 956 a
787 928 890 956 teneris
917 925 1056 956 fruchbus
1081 923 1162 955 divisi
1188 925 1251 955 sunt
1266 946 1276 960 ,
1299 935 1344 955 aut
1365 923 1482 955 ramulis
1495 926 1545 956 ad-

319 965 472 999 nascuntur
490 967 636 999 frudfflum
649 969 808 1013 expertibus
820 991 830 1004 ‚
846 980 876 1000 ut
897 968 1037 1011 sanguinis
1053 969 1080 996 in
1102 967 1291 998 animantibus
1303 990 1312 1002 ‚
1328 971 1364 997 1¹³
1379 966 1449 997 succi
1468 968 1546 999 mas-

319 1008 377 1038 sun
398 1009 412 1038 a
439 1009 581 1054 superfluo
598 1012 718 1043 humore
743 1011 800 1043 fere
818 1023 848 1042 ur
874 1023 954 1042 renes
974 1021 1138 1056 expurgant.
1167 1012 1263 1054 Aiqzie
1287 1010 1336 1040 ubi
1365 1008 1449 1040 flores
1470 1010 1544 1044 ultra

319 1050 423 1082 foeruin
447 1054 538 1097 ipsum
569 1066 615 1087 aut
634 1066 723 1087 ovum
744 1054 962 1090 diffunduntur,
984 1065 1014 1085 ut
1042 1057 1070 1084 in
1091 1055 1171 1089 rosa,
1202 1052 1330 1084 succusa
1355 1053 1489 1095 pediculo
1514 1059 1544 1086 in

319 1099 466 1127 tenerioris
492 1096 602 1129 fruc'tfis
627 1098 755 1141 pellem,
781 1101 811 1130 &
843 1101 901 1135 cius
923 1098 987 1128 vasa
1013 1108 1177 1132 commeat,
1205 1107 1266 1127 tum
1296 1095 1331 1127 ad
1354 1095 1439 1126 flores
1458 1096 1544 1141 usque

316 1137 501 1175 conscend1t3
521 1144 550 1171 in
570 1144 604 1172 iis
620 1140 739 1173 diffusus
764 1144 795 1172 &
818 1152 1002 1185 perpurgatus
1017 1152 1066 1184 per
1080 1139 1143 1170 vasa
1156 1151 1219 1182 quae
1241 1138 1397 1170 descrentza
1414 1139 1469 1170 dici
1480 1141 1545 1184 pos-

319 1179 381 1212 ¹'unt
397 1204 406 1216 ³
428 1184 456 1212 in
485 1182 590 1226 pellem
613 1195 740 1220 remeat,
761 1183 828 1215 inde
854 1184 888 1215 ad
935 1195 1006 1215 artes
1029 1185 1178 1214 interiores
1200 1181 1313 1213 studius
1333 1182 1544 1216 transmittitur.

361 1227 385 1254 V
399 1226 444 1255 11.
463 1227 561 1270 Atque
573 1228 619 1258 hic
635 1229 674 1259 est
697 1226 837 1259 foliorum
856 1231 884 1258 in
905 1197 1025 1259 ll'oribus
1037 1228 1192 1270 praecipuus
1207 1226 1269 1257 usus
1282 1248 1290 1260 ‚
1315 1225 1420 1257 ram-:tsi
1437 1229 1464 1256 in
1477 1238 1544 1258 om·

316 1265 399 1298 nibus
420 1268 540 1301 floribus
560 1281 619 1301 non
635 1274 824 1314 reperiuntur.
841 1270 897 1301 Sed
914 1273 942 1301 in
967 1281 1066 1301 eorum
1083 1269 1179 1300 locu-n
1194 1269 1312 1300 stamina
1329 1293 1338 1308 ,
1349 1280 1395 1300 aut
1410 1267 1544 1301 filamen-

316 1317 343 1337 ta
367 1310 582 1352 producuntur,
605 1324 636 1344 ut
652 1316 682 1343 in
701 1323 808 1348 avena,
837 1312 907 1356 pede
926 1312 1035 1347 leonis,
1055 1315 1085 1342 δε
1103 1315 1131 1342 in
1150 1312 1213 1342 aliis
1228 1314 1406 1347 innumeriu
1429 1323 1461 1343 ac
1479 1312 1544 1356 plez

315 1361 434 1394 tumque
449 1352 556 1394 singula
571 1355 690 1386 stamina
709 1356 764 1385 suis
787 1353 930 1385 donantur
954 1354 1089 1398 apicibus.

357 1397 469 1429 VIII.
495 1398 529 1427 ln
550 1397 595 1428 his
620 1397 739 1430 floribus
764 1400 812 1442 qui
835 1396 915 1429 foliis
937 1397 1064 1428 constant
1078 1419 1089 1433 ,
1116 1394 1283 1439 plerumque
1303 1397 1320 1428 ὲ
1341 1396 1434 1428 fundo
1454 1395 1545 1435 affurl

313 1448 385 1478 gunt
406 1439 547 1475 stamina,
571 1451 601 1472 ut
625 1444 654 1471 in
678 1439 747 1472 liliis
768 1463 778 1477 ,
802 1440 901 1484 tulipis
918 1462 928 1476 ,
955 1451 1016 1485 quat
1039 1443 1068 1471 in
1095 1441 1188 1482 apices
1208 1438 1349 1472 desinunt.
1374 1441 1472 1484 Atque
1492 1442 1543 1475 illa

312 1481 430 1512 stamina
452 1493 483 1514 ut
506 1481 570 1514 vasa
587 1487 742 1516 excretoria
771 1483 873 1516 haberi
893 1483 1006 1527 possunt
1018 1508 1029 1524 ,
1055 1495 1116 1527 qux
1139 1482 1252 1513 succum
1268 1481 1439 1525 superfluum
1452 1483 1498 1516 vel
1512 1488 1544 1518 in

313 1526 405 1567 apices
423 1537 580 1558 exonerant
597 1553 606 1566 ,
623 1538 690 1559 curn
713 1524 838 1563 adsunt3
863 1526 909 1558 vel
932 1538 981 1571 per
996 1537 1093 1558 coecos
1120 1537 1230 1559 meatus
1253 1525 1329 1569 quali
1351 1539 1403 1571 per
1420 1528 1543 1573 transpi,

311 1570 453 1598 rationem
471 1568 664 1601 insensibilem
684 1569 818 1602 exhalant
834 1583 841 1602 ι
866 1571 1009 1602 interdum
1025 1570 1077 1614 pili
1092 1572 1122 1601 in
1148 1573 1283 1601 extremis
1307 1569 1459 1602 staminum
1475 1571 1540 1615 pul-

313 1621 378 1640 vcre
396 1611 539 1654 quodam,
558 1625 605 1645 aut-
628 1614 748 1645 humore
766 1611 875 1645 viscoso
891 1613 975 1646 obliti
993 1624 1156 1645 cernuntur.
1180 1615 1213 1644 In
1229 1611 1369 1657 plerisque
1395 1617 1488 1658 apices
1509 1617 1540 1646 in

311 1652 370 1683 duo
383 1652 572 1687 loculamenta
588 1679 598 1693 ,
620 1660 651 1688 δε
666 1659 800 1688 cavitates
821 1657 920 1700 sponte
946 1660 1090 1699 utrimque
1109 1657 1124 1687 a
1146 1655 1231 1687 latere
1250 1656 1400 1688 dehiscunt
1415 1679 1425 1692 ‚
1443 1668 1474 1687 ac
1488 1668 1540 1688 ve-

310 1694 353 1726 lut
373 1697 504 1739 quaedam
525 1699 587 1731 sunt
613 1700 806 1744 receptacula,
827 1703 857 1731 in
880 1702 984 1742 quibus
997 1701 1142 1743 colligitur
1161 1699 1256 1731 succus
1275 1702 1426 1731 nutritioni
1440 1700 1538 1732 minus

310 1738 450 1781 idoneus,
469 1753 501 1772 ac
521 1742 659 1776 credibile
679 1744 717 1774 est
737 1755 825 1787 grana
843 1742 989 1788 pulveris,
1012 1744 1083 1775 dum
1108 1742 1299 1775 intumescunt
1315 1765 1325 1781 ,
1349 1754 1394 1774 eas
1419 1743 1537 1776 cellulas

308 1783 442 1818 reserare.

356 1829 420 1859 IX.
444 1829 511 1858 Pars
528 1829 607 1860 floris
630 1841 692 1873 quae
714 1841 844 1864 centrum
865 1842 1005 1876 occupat,
1034 1833 1065 1862 δε
1087 1829 1253 1874 plerumque
1277 1828 1355 1873 parte
1376 1829 1417 1860 sui
1436 1828 1536 1863 infima

310 1869 425 1900 craffior
443 1871 481 1905 est
497 1894 506 1906 ,
534 1873 609 1903 unde
625 1877 656 1903 &
680 1885 787 1906 nomen
803 1874 899 1918 pistilli
914 1877 997 1906 nasta
1010 1874 1066 1908 est,
1087 1884 1214 1905 tenerum
1238 1871 1364 1903 fruCtum
1382 1872 1452 1917 saepe
1461 1885 1536 1910 cori--v

311 1915 403 1952 tinet,
424 1924 454 1945 ut
477 1917 506 1944 in
532 1914 620 1948 lili03
644 1919 761 1948 interim
781 1929 814 1947 cx
834 1917 916 1960 ipsius
935 1921 985 1949 ovi
1005 1928 1134 1948 extremo
1153 1915 1336 1959 producitur,
1359 1927 1389 1947 ur
1412 1920 1441 1947 in
1468 1929 1533 1948 um-

309 1954 422 1987 bellatis
438 1980 446 1991 ,
465 1957 619 2000 aliquando
633 1958 699 1989 huic
720 1971 854 2002 tanquam
869 1961 1000 2003 pediculo
1014 1960 1099 1992 inflat
1111 1959 1188 1990 floris
1201 1962 1330 1991 innititur
1343 1971 1350 1994 3
1364 1959 1531 2003 plerumque

313 1999 395 2030 instar
419 2003 504 2042 panni
532 2001 612 2032 serici
655 2001 748 2033 villosi
792 2003 857 2045 pilis
881 2007 909 2034 in
934 2015 1011 2047 parte
1035 2014 1160 2034 extrema
1188 2005 1313 2044 tegitur,
1333 2015 1380 2034 aut
1403 2002 1529 2034 vcficulis

310 2042 462 2084 asperatur.
488 2046 562 2085 Qa:
582 2047 609 2074 iu
630 2044 757 2087 apicibus
785 2045 956 2087 pistillorum
982 2047 1044 2077 sunt
1065 2045 1175 2077 rimula:
1190 2071 1198 2084 ‚
1224 2043 1298 2077 forte
1322 2049 1381 2078 acii
1405 2045 1527 2089 praebcnt

308 2086 438 2120 adirum3
460 2090 488 2118 δι
519 2086 640 2118 viscosus
661 2088 754 2119 succus
773 2099 805 2118 cx
829 2088 994 2131 Malpighio
1015 2088 1120 2119 insecta
1135 2100 1229 2123 arcet,
1254 2101 1289 2120 ne
1311 2089 1411 2121 oblinr.

356 2131 394 2162 ,X-
427 2132 499 2173 Qa‘
518 2142 580 2176 pars
595 2134 733 2164 exteriora
761 2131 838 2163 ssoris
852 2140 896 2162 aut
920 2132 1064 2173 involvit,
1082 2143 1112 2163 ut
1130 2135 1158 2163 in
1175 2133 1336 2164 ranunculis
1350 2155 1358 2168 ‚
1377 2143 1423 2163 aur
1443 2129 1527 2164 fulcri
