1638 2345
220 160 310 188 Asu.

220 203 306 232 1686.

334 126 392 152 242
631 120 809 151 REGIAE
847 121 1250 157 SCIENTIARUM

334 157 375 189 lus
396 173 403 191 :
422 170 488 191 cum
503 164 532 193 in
544 160 623 193 aditu
640 165 771 207 quaedain
787 164 901 195 arbores
914 166 1025 196 restetae
1047 165 1181 204 fuissent,
1201 169 1292 200 multo
1306 171 1449 202 minorem
1462 171 1565 215 glaciei

332 205 448 246 copiam
469 216 581 237 antrum
599 217 648 248 pet
665 206 826 250 complures
845 220 934 239 annos
955 209 1045 240 dedit.

381 249 392 277 1
407 250 427 277 1.
463 250 599 280 Extremo
609 250 681 290 Julii
693 249 739 280 die
758 250 829 282 lecta
848 252 886 282 cst
903 251 988 282 altera
1002 253 1125 295 Epistola
1143 253 1177 284 ad
1190 256 1230 288 D.
1247 256 1387 288 Abbatem
1399 257 1562 294 Nicasium,

334 289 509 322 vesuntione
528 292 562 322 ab
582 294 674 322 amico
690 295 738 336 qui
762 297 792 324 in
813 306 844 324 ea
856 293 925 325 urbe
939 295 1059 338 degebat
1074 295 1165 330 missa.
1196 301 1268 330 Haec
1290 304 1388 342 utique
1408 312 1470 344 quae
1490 313 1563 332 mox

329 333 504 376 protulimus
521 333 674 366 confirmat
689 358 698 371 ,
719 336 812 367 mulos
836 341 867 369 ὃ(
883 349 978 368 carros
1000 339 1189 384 undequaque
1209 354 1243 373 eo
1267 342 1412 374 confluere
1429 349 1478 387 qui
1499 345 1566 388 gla-

329 380 403 407 ciem
419 376 449 407 sn
466 380 662 419 circumjectas
683 381 765 410 urbes
789 384 820 411 ὅ(
845 383 961 412 Ararim
973 383 1058 424 usque
1079 383 1222 426 asportent
1261 400 1268 417 :
1307 398 1357 417 ncc
1379 398 1472 418 tamen
1490 389 1564 419 hanc

329 418 443 462 specum
461 421 603 452 exhauriri
624 434 633 457 3
659 422 720 466 plus
732 423 834 466 glaciei
847 424 984 457 fervidior
1002 427 1101 456 aestatis
1115 427 1175 459 dies
1188 429 1345 474 suppeditat
1357 456 1366 469 ,
1377 442 1465 474 quam
1477 432 1565 466 osto-<

328 473 371 492 nis
389 462 489 495 diebus
508 465 680 496 detrahatur.

371 505 496 538 Antrum
519 519 543 549 35
564 509 653 551 passus
673 509 849 552 profundum
863 532 873 545 ‚
890 509 1032 553 sexaginta
1056 511 1146 543 latum
1160 538 1169 552 ,
1202 513 1298 546 fornix
1313 514 1387 547 ultra
1412 521 1451 548 60
1476 516 1563 560 pedes

327 547 479 581 attollitur.
502 551 594 582 Rivius
611 555 660 594 qui
679 564 787 594 partem
805 556 879 585 antri
889 565 1008 598 occupat
1019 577 1028 590 ,
1040 555 1129 587 aest-ztc
1143 557 1336 599 conglaciarur
1349 581 1359 594 ,
1378 559 1471 590 hicme
1486 559 1561 594 fluit.

328 594 377 638 In-
395 593 478 635 hujus
507 594 600 626 fimdo
629 595 739 640 lapides
762 600 941 641 reperiuntur
965 602 1015 641 qui
1045 598 1114 631 mali
1146 602 1252 633 medici
1274 606 1411 633 corticem
1432 606 1564 648 apprime

327 639 466 667 reserunt.

374 680 448 712 111.
484 683 545 724 Qi
567 681 639 714 hanc
658 681 762 727 scripsit
785 684 939 728 Epistolam
964 697 1028 717 cum
1044 698 1156 719 antrum
1178 687 1287 721 adiisset
1305 701 1359 720 una
1378 699 1444 720 cum
1460 701 1563 733 magna

327 722 480 755 hominum
494 724 678 756 multitudine
692 749 701 761 ,
720 731 824 758 certior
844 727 935 759 fastus
953 730 992 759 est
1015 731 1154 773 quosdam
1170 744 1289 777 vapores
1309 732 1417 764 sursum
1433 735 1461 762 in
1480 732 1563 776 specu

324 764 421 797 efferri
436 778 445 802 5
462 767 548 809 idque
570 767 670 800 futurae
685 768 790 813 pluviat
803 782 911 802 cerrum
937 771 989 803 esse
1010 773 1148 805 indicium
1160 800 1168 811 ,
1193 776 1271 819 quod
1289 780 1386 819 utique
1403 787 1462 806 non
1475 776 1564 806 fefel-

324 806 368 839 lit.
396 810 440 840 Ac
459 811 552 842 rustici
570 823 635 843 cum
651 824 723 856 opus
741 816 771 844 in
788 817 863 857 agris
881 814 1043 846 faciendum
1055 818 1093 848 est
1109 840 1118 853 ,
1139 819 1194 849 hoc
1212 819 1338 851 naturale
1356 817 1563 850 Calendarium

323 851 475 885 consulunt
487 877 497 890 ,
523 866 604 899 atque
623 868 658 886 ex
676 856 774 887 sereno
791 861 856 889 ae'rc
874 869 921 889 aut
939 859 1092 902 vaporibus
1107 872 1142 892 an
1159 861 1268 893 coelum
1288 864 1416 894 screnum
1431 861 1563 894 futurum

324 893 378 930 fit,
400 896 446 927 vel
467 898 544 930 secus
558 922 568 935 ‚
590 900 728 938 judicant.

371 941 384 968 1
399 942 436 970 V.
473 944 527 972 Vir
545 942 652 973 nobilis
666 947 696 974 &
718 942 844 973 eruditus
867 945 908 975 D.
925 945 1072 976 Cochctet
1086 945 1132 977 dic
1149 958 1185 986 27
1205 948 1331 989 Januatii
1346 946 1403 978 offa
1419 948 1562 991 qua-dam,

322 983 353 1011 in
369 986 457 1014 veteri
475 983 625 1027 sepulchro
638 1010 647 1024 ,
672 985 720 1016 ubi
733 988 836 1027 viginti
855 990 981 1030 quinque
1003 988 1133 1029 jacebant
1151 990 1286 1021 cadavera
1299 1013 1308 1025 ,
1328 994 1432 1033 reperit
1451 995 1479 1022 in
1494 1003 1563 1034 agro

321 1024 371 1055 suo
385 1037 474 1069 prope
489 1027 629 1071 oppidum
645 1027 803 1060 vassiacum
822 1031 850 1059 in
866 1031 1041 1062 Normania.
1067 1032 1197 1073 Qidam
1216 1032 1354 1076 capitibus
1367 1034 1473 1078 lapides
1488 1035 1565 1066 subs·

322 1072 388 1098 trati
407 1081 488 1102 erant
506 1076 534 1102 in
554 1071 677 1102 formam
697 1073 798 1102 secutis
817 1072 898 1103 incisi
914 1096 922 1108 ,
947 1077 996 1117 qui
1012 1086 1077 1106 cum
1095 1080 1171 1106 cervi
1193 1088 1283 1107 cornu
1300 1088 1378 1108 erant
1397 1077 1561 1110 conimiffi:

321 1113 360 1141 ita
379 1122 410 1143 ut
429 1113 587 1146 admodum
604 1114 637 1147 sit
651 1114 804 1148 verisimile
822 1126 884 1147 tum
905 1121 1042 1162 temporis
1057 1119 1187 1151 nondum
1205 1122 1238 1150 iis
1262 1122 1291 1150 in
1312 1119 1383 1152 locis
1404 1121 1512 1153 ferrum
1531 1125 1563 1154 in

324 1153 374 1184 usu
401 1155 493 1188 fuisse.

362 1201 399 1229 V.
441 1200 482 1230 D.
500 1199 627 1233 Petrault
643 1200 758 1245 lapillos
773 1203 916 1245 quosdam
934 1204 1055 1236 ostendit
1072 1205 1230 1237 admodum
1244 1206 1332 1238 tersos
1345 1208 1360 1238 ὲ
1380 1206 1562 1252 Delphinaru

321 1239 433 1272 allatos.
471 1245 528 1273 His
554 1255 671 1275 utuntur
691 1245 882 1288 abstergendis
906 1247 1034 1278 sordibus
1050 1271 1059 1284 ‚
1083 1260 1147 1292 qua:
1173 1249 1236 1279 casu
1261 1250 1388 1291 quodam
1409 1255 1438 1282 in
1460 1251 1562 1283 oculos

323 1283 432 1327 illapsae
451 1297 569 1329 magnos
588 1287 657 1331 saepe
682 1288 797 1319 dolores
818 1301 924 1320 creant.
949 1291 1042 1331 Cujus
1069 1295 1107 1322 rei
1133 1294 1161 1321 in
1186 1292 1274 1335 seipso
1294 1293 1450 1336 periculum
1471 1295 1559 1326 fecit:

324 1338 391 1357 nani
415 1328 512 1360 tescffi
532 1333 632 1372 unguis
652 1330 767 1374 segmen
784 1356 792 1369 ,
807 1332 885 1374 quod
905 1335 934 1363 iu
954 1333 1070 1364 oculum
1087 1333 1160 1365 forte
1175 1337 1292 1365 irruerat
1306 1358 1314 1370 ,
1329 1336 1448 1367 admoto
1461 1337 1560 1381 lapillo

323 1369 448 1406 cecidit,
464 1372 533 1415 quid
549 1384 643 1404 autem
657 1373 692 1404 de
712 1375 768 1405 hoc
779 1373 879 1416 lapillo
891 1379 940 1419 qui
955 1377 1112 1408 admodum
1123 1388 1180 1408 crat
1191 1381 1306 1420 exiguus
1317 1403 1325 1416 ‚
1338 1380 1445 1411 bustum
1463 1380 1559 1415 fucrit,

321 1412 392 1444 scire
416 1426 475 1446 non
499 1419 593 1459 potuit
614 1427 622 1450 ς
645 1416 734 1448 alium
764 1419 857 1461 postca
881 1423 1020 1461 majorem
1042 1420 1171 1452 adhibuit
1187 1425 1236 1463 qui
1260 1420 1376 1452 oculum
1397 1423 1481 1455 subiit
1496 1446 1506 1460 ,
1526 1427 1559 1455 &

320 1456 383 1500 post
405 1461 493 1489 trium
512 1459 647 1490 horarum
662 1460 780 1503 spatium
803 1461 878 1493 ultro
891 1462 1010 1495 decidit.

363 1502 422 1531 VI.
463 1503 497 1532 In
524 1501 604 1533 fonte
629 1506 684 1534 vici
706 1505 916 1546 Roquencurtii
947 1518 1036 1550 prope
1057 1504 1198 1536 Versalias
1218 1507 1439 1549 phoenomenon
1465 1508 1563 1552 quod&

318 1542 385 1574 dam
400 1543 563 1576 inusitatum
577 1545 724 1590 proposuit
746 1549 787 1578 D.
799 1549 834 1578 de
851 1548 875 1579 la
894 1550 967 1579 Hire
978 1576 985 1587 ‚
1002 1553 1080 1590 cujus
1099 1553 1238 1581 rationem
1252 1562 1284 1580 ex
1302 1553 1456 1582 Academia
1469 1556 1560 1594 quaei'i

318 1587 411 1618 voluit
436 1587 575 1621 Illusttiss.
601 1590 642 1622 D.
667 1590 714 1620 Dc
728 1592 863 1622 Louvois.
890 1595 963 1623 Fons
984 1592 1033 1623 ille
1054 1603 1134 1623 motu
1149 1593 1308 1625 admodum
1325 1595 1472 1637 irregulari
1493 1607 1556 1626 ma-

317 1639 376 1661 nat.
403 1631 553 1662 Interdum
580 1636 658 1664 enim
680 1633 761 1664 nulla
781 1646 814 1664 ex
841 1647 876 1665 eo
902 1647 973 1678 aqua
994 1635 1141 1679 profluit;
1166 1637 1290 1667 Decimo
1314 1649 1359 1668 aur
1383 1638 1560 1669 duodecimo

316 1673 378 1714 post
399 1672 551 1715 largiorem
576 1676 700 1707 imbrem
721 1676 769 1707 die
783 1678 897 1709 uberior
909 1678 981 1709 fluit.
1011 1679 1042 1710 ld
1057 1678 1150 1709 visum
1173 1680 1209 1710 cst
1233 1681 1271 1709 D.
1285 1681 1319 1711 de
1334 1680 1358 1710 la
1375 1683 1448 1711 Hire
1463 1680 1558 1713 solum

315 1719 421 1759 pingue
443 1718 458 1746 ἓι
480 1717 577 1761 pluvia
603 1719 739 1762 paulatim
762 1725 902 1763 penetrari
930 1735 936 1753 :
968 1722 1012 1752 scd
1033 1721 1082 1752 ubi
1110 1723 1144 1752 :id
1165 1733 1266 1753 terram
1289 1724 1435 1754 arenosam
1457 1736 1558 1767 pervc-

316 1762 360 1789 nit
375 1785 383 1797 ,
407 1763 489 1791 citius
510 1761 590 1793 illam
609 1763 775 1807 pervadere.
798 1766 885 1796 Unde
907 1768 935 1795 in
959 1777 1060 1808 magna
1082 1764 1201 1796 siccitate
1220 1765 1285 1796 fons
1301 1767 1372 1797 nibil
1387 1779 1465 1810 aquae
1491 1767 1560 1811 sup.

317 1802 424 1845 peditat
444 1815 451 1834 ε
476 1804 563 1846 idque
579 1817 638 1835 non
657 1805 785 1838 dissimili
802 1808 892 1839 modo
911 1812 1024 1839 evenire
1043 1808 1214 1849 conjiciebat
1229 1834 1237 1846 ,
1258 1820 1288 1839 ac
1305 1809 1436 1841 videmus
1451 1815 1479 1841 in
1497 1811 1557 1842 sac-

317 1845 404 1876 charo
424 1848 607 1890 expurgando
620 1848 743 1880 fastitari
767 1864 773 1881 :
790 1862 854 1882 nam
871 1850 942 1882 basis
961 1852 1115 1883 siccharini
1133 1855 1198 1882 coni
1219 1854 1291 1882 intra
1311 1864 1412 1896 typum
1427 1854 1557 1896 ligneum

317 1893 446 1920 contenti
463 1901 537 1921 creta
559 1891 716 1923 humidiori
734 1893 889 1925 obducitur
907 1907 916 1930 ς
934 1906 1003 1937 aqua
1023 1894 1122 1927 sensim
1146 1907 1194 1938 per
1211 1907 1272 1926 cam
1291 1907 1393 1926 terram
1416 1909 1461 1928 aur
1476 1909 1557 1929 mar-

317 1942 383 1974 gam
405 1932 565 1975 percolatur
585 1957 593 1969 ‚
620 1947 682 1977 qua:
700 1936 791 1967 secum
812 1948 901 1979 partes
928 1938 1048 1969 viscosas
1073 1937 1204 1968 sai-‚charo
1228 1939 1411 1970 circumfusas
1445 1939 1555 1977 defert,

319 1986 406 2017 eaque
426 1987 475 2018 per
490 1978 637 2020 angustum
657 1977 787 2010 foramen
804 1983 833 2010 in
847 1985 906 2024 typi
925 1985 1004 2023 apice
1026 1992 1150 2024 aptatum
1169 1980 1282 2014 defluit.

369 2022 418 2050 v1
435 2021 456 2050 I.
493 2021 598 2063 Neque
613 2020 642 2052 id
662 2022 812 2054 tacendum
829 2035 896 2067 puto
916 2023 931 2053 Σι
947 2026 986 2054 D.
1003 2025 1155 2056 Tlicvciiot
1177 2036 1435 2056 commemoratum
1448 2048 1456 2060 ,
1479 2037 1554 2056 mar.

320 2062 431 2093 clusitis
457 2074 519 2105 qua:
541 2067 568 2095 in
590 2069 653 2095 vico
674 2063 761 2095 Isiaco
776 2079 862 2110 prope
879 2069 1020 2098 Lutetiam
1041 2093 1050 2106 ‚
1074 2071 1103 2098 Sc
1128 2070 1154 2098 in
1173 2072 1272 2099 vicinis
1293 2069 1363 2099 locis
1388 2067 1485 2111 paffim
1503 2079 1553 2098 oc-

319 2114 436 2137 currunt
451 2129 460 2142 ,
472 2108 625 2145 lixiviam,
641 2111 735 2152 virga>
746 2110 848 2142 ferreas
863 2111 1007 2143 immersas
1025 2111 1128 2155 cuprea
1145 2111 1234 2143 ciust&
1249 2111 1386 2144 obduchs
1398 2111 1552 2155 aliquando

321 2148 392 2179 visas
417 2149 430 2177 ὰ
453 2149 479 2180 sc
504 2149 597 2183 fuisse.
