1638 2345
266 50 573 87 'ACADEMIAE
613 51 909 86 HISTORIA.
949 52 1037 87 LIB.
1069 55 1131 89 IV.
1259 59 1315 102 *325

86 95 234 130 {mdiorum
254 99 426 141 angustiores
445 97 568 129 habeant
589 96 668 128 bases
689 111 696 129 z
718 109 786 128 nam
799 97 850 130 ubi
865 97 1014 141 objectum
1029 98 1150 144 simplici
1173 98 1260 132 oculo
1276 108 1320 135 vi·
1339 101 1438 145 Opticx

83 141 190 181 detur,
207 145 274 174 coni
292 141 394 173 radioli
418 140 489 173 basis
514 141 552 171 est
569 141 685 184 pupillae
709 141 871 186 amplitudo
892 155 899 174 ε
923 146 1017 182 major
1037 142 1108 173 adeo
1130 143 1163 174 fit
1185 147 1215 176 in
1231 150 1321 178 retina

82 185 197 221 sectio,
223 188 255 217 δι
283 190 376 225 major
396 188 513 229 picturae
535 183 675 215 confufio.
700 185 757 216 Sed
779 185 827 217 lux
841 185 936 217 multo
956 186 1081 218 debilior
1097 187 1159 223 est,
1186 199 1252 219 curn
1265 191 1322 222 ob-

81 230 193 271 jectum
218 240 268 272 per
287 228 459 260 foraminula
483 227 638 272 multiplex
656 229 850 273 conspicitur,
870 232 1016 274 pauciores
1039 232 1119 262 enim
1140 229 1260 264 subeunt
1277 246 1322 266 ra·

80 271 134 304 dii.

119 316 184 347 V1.
208 317 242 347 In
257 315 344 347 oculo
367 314 511 348 artificizssi
540 315 666 361 idipsum
691 315 758 348 licet
778 319 900 362 experiri
914 340 923 353 ‚
944 316 964 348 fi
989 318 1085 350 charta
1113 318 1223 362 pertusa
1243 319 1319 352 mul—

80 361 118 389 tis
139 359 330 390 foraminibus
348 363 424 391 vitro
444 363 606 396 anteriori,
627 359 706 404 quod
723 364 849 392 tunicam
863 372 999 393 corneam
1018 362 1150 397 exhibet,
1176 361 1213 393 fic
1224 364 1321 395 admo-

81 412 183 433 veatur
195 423 205 437 ,
231 413 260 433 ut
278 403 374 434 charta
392 402 514 434 candida
537 414 599 447 quae
618 408 714 435 retinae
731 416 834 435 munus
848 404 928 441 obit,
954 407 984 434 in
1001 408 1078 436 varia
1090 405 1222 437 distantia
1241 407 1256 436 a
1275 411 1320 438 vi-

79 454 124 474 tro
143 445 223 487 quod
239 446 396 488 crystallini
428 447 494 477 loco
510 450 626 490 ponitur
648 469 658 483 ‚
677 447 769 478 modo
790 451 820 478 in
836 447 898 491 ipso
917 448 1063 480 radiorum
1077 448 1235 486 concursu,
1257 463 1319 483 mo-

77 486 120 518 do
142 487 262 531 propius
279 490 485 526 admoveatur,
508 501 556 522 aut
580 489 695 533 longius
722 491 758 522 ab
781 503 816 522 eo
839 502 1032 523 removeatur.

125 534 212 566 VII.
236 534 277 563 Ex
299 536 333 564 iis
357 537 388 564 δε
410 533 473 565 aliis
492 545 554 576 quae
571 537 615 565 vir
639 532 818 566 doenffimus
839 533 953 578 subjicit
980 538 1202 578 experimentis,
1223 548 1254 568 ut
1269 549 1319 569 cu-

75 573 178 616 jusque
195 573 273 607 visus
295 577 448 608 noscantur
465 580 539 609 vires
569 588 601 608 ac
619 580 792 609 mutationes
812 589 874 620 quae
904 582 934 610 in
947 579 1038 609 oculis
1059 578 1132 611 fiunt
1145 603 1154 616 ‚
1178 583 1209 612 &
1223 592 1319 614 utrum

76 619 230 650 concursus
248 619 394 652 radiorum
414 620 505 655 ultra,
529 632 564 651 an
586 624 655 651 citra
669 624 787 652 retinam
809 620 858 652 fiat
882 624 893 661 (
914 633 980 652 nam
1002 622 1021 653 fi
1041 622 1131 654 altero
1152 635 1185 654 ex
1206 624 1318 657 duobus

76 658 273 694 foraminibus
294 664 398 695 chartae
413 663 562 700 obducto,
586 663 694 707 species
712 666 753 694 rei
772 663 894 706 objc&ae
913 676 947 695 ex
966 666 1064 697 eadem
1087 678 1167 709 parte
1179 665 1318 698 oblitere-

75 712 124 735 tur
137 727 147 740 ‚
166 706 319 738 concursus
338 707 485 739 radiorum
501 707 534 739 fit
549 710 619 738 citra
632 709 753 738 retinam
770 721 776 738 :
798 719 897 739 contra
910 728 917 742 ‚
942 707 961 738 s1
987 720 1020 739 ex
1036 720 1114 752 parte
1131 710 1217 741 altera
1243 713 1317 742 ima-

72 757 113 788 go
134 751 175 779 rei
196 749 324 782 deleatur
337 773 346 787 ‚
373 751 526 782 concursus
554 748 605 781 fiet
622 750 696 781 ultra
720 753 861 782 retinam:
879 755 888 790 )
909 753 950 782 Ex
974 754 1152 795 iis‚inquam
1165 776 1173 789 ‚
1193 758 1315 785 omnino

74 790 230 824 conficitur
246 793 388 824 diversam
402 806 462 825 non
475 793 529 825 effe
541 792 619 824 oculi
634 791 898 826 conformationem
910 820 920 835 ‚
940 794 987 826 seu
1003 799 1139 839 propiora
1150 819 1160 832 ,
1179 796 1224 826 seu
1233 807 1315 828 remo

72 834 151 869 ,tiora
173 838 312 868 intueatur
342 836 464 879 objecta.

115 878 208 919 Qod
228 879 248 910 si
267 881 345 910 enim
363 880 464 912 oculus
484 883 523 912 ita
543 880 576 912 fit
595 881 794 914 conformatus
808 905 816 917 ,
846 894 877 914 ut
898 881 1030 914 distinete
1051 893 1149 914 cernar
1164 881 1311 924 objectum

71 918 256 964 sesqui-pede
279 934 424 955 remotum
441 947 452 960 ‚
473 924 613 956 mutanda
636 929 690 956 erit
709 929 769 968 ejus
790 924 880 969 figura
899 949 909 962 ‚
935 937 966 956 ut
995 925 1073 955 idem
1095 925 1243 965 objestum
1266 927 1312 958 sex

69 964 192 1005 pedibus
213 964 318 997 distans
332 966 487 1011 conspiciat
510 971 588 1010 juxta
611 979 713 998 eorum
738 968 904 1000 sententiam
916 991 926 1004 ‚
946 971 996 1012 qui
1015 969 1064 999 has
1080 971 1157 999 oculi
1173 974 1312 1000 mutatio-

69 1009 162 1037 tiones
175 1020 366 1052 propugnant.
386 1012 455 1054 Jam
471 1010 521 1042 ubi
548 1022 597 1054 per
622 1011 749 1042 chartam
773 1010 881 1055 duplici
911 1011 1052 1042 foramine
1074 1013 1215 1054 pertusam
1234 1013 1311 1045 idem

68 1048 218 1091 objectum
237 1052 353 1094 aspicit,
375 1058 453 1094 juxta
475 1066 576 1085 eorum
596 1053 778 1098 hypothesim
804 1066 894 1085 unum
917 1058 947 1086 δε
970 1054 1088 1098 simplex
1111 1055 1190 1085 videt
1212 1055 1311 1097 objec-

68 1102 130 1123 tum
147 1116 156 1129 ³
179 1106 246 1125 cum
265 1108 359 1139 aptam
375 1098 441 1128 huic
459 1101 500 1129 rei
519 1097 651 1128 videndae
669 1097 791 1140 figuram
810 1098 905 1129 induit
922 1124 931 1136 ,
953 1102 983 1129 &
1011 1109 1105 1128 tamen
1125 1097 1232 1142 duplex
1258 1111 1309 1142 ap.

66 1147 155 1177 paret.
178 1139 251 1169 Non
269 1142 356 1181 igitur
379 1139 478 1171 oculus
496 1152 604 1172 novam
622 1140 743 1183 figuram
765 1153 812 1173 aut
825 1140 1088 1173 conformationem
1102 1145 1195 1184 cepit,
1216 1153 1246 1173 ut
1258 1144 1309 1174 ob-

60 1180 176 1218 jectum
188 1180 232 1211 sex
246 1183 365 1225 pedibus
378 1196 519 1215 remotum
532 1195 678 1220 cerneret,
697 1195 780 1227 atque
789 1184 887 1215 eadem
907 1186 944 1215 est
957 1185 1088 1228 cujusque
1103 1184 1242 1215 distantiae
1257 1198 1305 1217 ra-

66 1225 131 1254 tio:
147 1235 212 1255 nam
224 1226 298 1257 ult1a
310 1226 429 1269 spatium
447 1228 493 1258 sex
513 1227 619 1269 pedum
636 1227 707 1258 radii
723 1228 801 1257 velut
812 1227 941 1270 paralleli
956 1228 1074 1258 subeunt
1092 1228 1242 1270 pupillam.

112 1269 222 1300 VIII.
246 1270 353 1310 Neque
377 1269 406 1300 id
428 1270 485 1300 dici
502 1270 594 1312 potest
611 1281 645 1300 ex
671 1269 838 1313 interpofitu
857 1270 960 1301 chartae
983 1269 1045 1301 fieri
1069 1271 1194 1312 aliquam
1214 1283 1307 1302 muta-

66 1311 177 1341 tionem
200 1315 230 1342 in
254 1312 350 1343 oculo.
377 1313 457 1343 Nam
479 1312 583 1343 eodem
603 1312 693 1342 modo
714 1313 750 1343 de
770 1313 828 1354 ipsa
842 1312 972 1344 distantia
988 1313 1166 1354 judicamus,
1195 1315 1241 1344 seu
1255 1327 1307 1346 nu-

67 1350 108 1382 do
124 1353 230 1389 oculo,
253 1355 299 1385 seu
316 1366 366 1397 per
389 1356 493 1386 charta:
512 1354 657 1385 foramina
682 1366 724 1386 res
748 1358 910 1386 intueamur
929 1356 1070 1398 objec‘tas,

112 1397 147 1426 Et
170 1397 288 1439 quidem
312 1409 377 1427 cum
401 1398 484 1429 nudis
509 1397 599 1428 oculis
623 1397 696 1427 bene
721 1397 909 1428 confonmtis
940 1402 1070 1435 utimur,
1097 1410 1126 1430 ut
1154 1399 1302 1441 objechim

66 1437 247 1482 sesqui-pede
269 1452 428 1476 remotum,
454 1444 484 1471 ὅς
511 1440 629 1472 alterum
652 1440 696 1470 sex
724 1440 845 1484 pedibus
867 1442 970 1472 distans
993 1445 1169 1477 intueamur,
1190 1454 1248 1472 non
1271 1456 1303 1475 ea

67 1481 105 1510 est
130 1485 203 1514 inter
229 1495 379 1528 utrumque
398 1484 518 1527 spatium
538 1484 719 1519 differentia,
744 1495 774 1515 ut
789 1487 818 1514 in
843 1485 981 1515 concursu
996 1485 1141 1516 radiorum
1157 1485 1303 1517 confusio-

66 1534 134 1554 nem
157 1525 290 1559 inducat:
312 1532 343 1559 δέ
366 1538 461 1558 tamen
486 1539 534 1570 per
551 1527 609 1558 duo
624 1528 727 1558 chart-‘2
744 1527 886 1558 foramina
908 1528 1055 1570 objectum
1073 1527 1187 1571 longius
1209 1540 1301 1559 remo-

67 1577 129 1597 tum
141 1568 499 1614 vidtbirurduplex,quae
509 1570 673 1602 differentia
684 1570 925 1614 simplicivislone
947 1583 1006 1602 non
1029 1574 1209 1615 percipitur:
1236 1584 1303 1603 nam

65 1621 100 1640 ex
121 1622 237 1654 utraque
252 1613 383 1644 distantia
404 1616 485 1656 aeque
500 1614 631 1645 distincie
644 1613 735 1644 videri
746 1614 859 1657 objecia
887 1615 1066 1646 arbitramur.

109 1656 199 1694 Quod
216 1666 309 1687 autem
332 1669 390 1687 non
411 1656 467 1689 siue
489 1657 584 1699 aliqua
603 1655 772 1688 difficultate
793 1661 823 1689 δι
846 1657 971 1688 molestia
993 1659 1091 1689 oculus
1104 1669 1168 1689 ante
1194 1661 1224 1688 in
1246 1658 1305 1689 ob-v

62 1698 172 1736 jectum
194 1700 312 1742 propius
332 1703 457 1731 intentus
475 1723 484 1736 ‚
512 1703 540 1730 in
560 1700 709 1743 objeCIum
728 1701 844 1744 longius
871 1712 1014 1732 remotum
1038 1701 1169 1732 distincte
1191 1705 1300 1733 intuen-

63 1739 135 1771 dum
164 1753 366 1775 convertatur:
386 1744 459 1779 hoc,
485 1747 620 1786 inquam,
639 1755 698 1774 non
724 1745 793 1774 hinc
819 1746 932 1783 oritur,
958 1744 1037 1786 qnod
1055 1757 1125 1788 opus
1145 1744 1178 1775 fit
1202 1745 1299 1789 aliquo

65 1786 204 1827 temporis
230 1786 318 1828 spatio
333 1809 344 1823 ,
369 1798 399 1817 ut
416 1787 514 1818 oculus
538 1786 602 1831 apte
622 1786 647 1818 se
663 1786 794 1831 disponat
814 1788 850 1819 ad
869 1791 1031 1820 remotioris
1049 1789 1156 1831 objesti
1178 1789 1299 1831 prospe-

64 1827 166 1859 &um2
192 1827 238 1858 sed
260 1832 326 1871 quia
350 1841 467 1873 uterque
488 1833 547 1860 axis
564 1830 641 1861 oculi
663 1833 691 1861 in
715 1831 790 1863 idem
810 1833 948 1875 punitum
973 1843 1031 1862 non
1047 1831 1103 1862 fine
1125 1832 1220 1874 aliqua
1238 1843 1298 1862 mo-

64 1868 143 1901 lestia
167 1872 204 1901 est
228 1873 445 1906 convertendus.
464 1873 555 1916 Qod
578 1876 665 1904 etiam
695 1874 819 1910 accidit,
849 1886 914 1906 cum
936 1886 994 1905 uno
1016 1878 1158 1906 intuemur
1185 1873 1295 1905 oculo:

64 1913 146 1954 quod
171 1915 267 1946 ass'ucti
283 1914 366 1947 simus
388 1916 539 1949 oculorum
560 1928 624 1947 axes
645 1920 674 1947 in
693 1928 758 1948 eum
776 1917 873 1949 locum
886 1930 1054 1949 convertere
1071 1941 1080 1953 ‚
1098 1922 1177 1958 cujus
1192 1916 1298 1947 distan-

64 1959 102 1986 tia
119 1968 271 2001 utcumque
295 1961 467 2002 percipitur:
491 1972 556 1991 cum
578 1972 627 2003 per
641 1960 740 1991 tubum
759 1965 888 2004 opticum
908 1962 1020 2003 object-1
1047 1961 1124 1992 varie
1147 1958 1238 1991 dissita
1251 1963 1297 1990 in-

66 2010 197 2036 tuemur,
225 2001 327 2032 eodem
348 2003 433 2033 oculo
449 2026 458 2038 ,
482 2003 590 2034 nullam
603 2014 752 2046 propterea
775 2007 938 2048 experimur
952 2002 1159 2035 difficultatem.

98 2045 165 2077 IX.
190 2044 254 2076 Nec
279 2045 336 2076 sola
357 2045 500 2090 utriusque
521 2050 578 2078 axis
600 2048 722 2080 dmeno
747 2047 820 2079 hanc
842 2046 1051 2120 difficultatems
1063 2050 1135 2121 parit
1155 2071 1164 2085 ‚
1187 2045 1235 2077 sed
1263 2050 1293 2078 &

1101 2101 1131 2132 11]
