1638 2345
311 116 371 146 324
602 100 786 137 1³thAE
835 96 1251 133 serm-rurum

190 151 280 181 Aux-
308 149 461 192 agitatione
478 149 574 180 'evenit
588 148 628 180 ob
646 148 741 179 radios
763 144 840 177 Solis
862 146 877 177 ὲ
897 144 1020 176 candida
1039 145 1136 175 charta
1156 142 1288 176 reflexos.
1309 139 1408 188 'Atque
1433 141 1476 174 hat
1492 140 1546 174 lit:

192 199 282 233 1694.
308 203 373 223 terae
392 190 431 222 ob
452 192 570 224 eandem
598 194 738 222 rationem
768 189 856 221 rubeo
891 188 989 219 colore
1027 190 1121 220 tinstze
1143 187 1275 219 videntur
1302 212 1312 226 ,
1333 187 1388 231 quii
1413 188 1496 218 Mars
1516 188 1548 216 iu

309 236 387 266 coelo
407 234 504 267 colore
523 237 624 267 itidem
649 232 738 264 rubeo
755 234 862 264 tinetas
879 243 1019 276 apparet,
1042 231 1122 276 quod
1148 233 1215 262 atris
1241 230 1359 262 maculis
1375 230 1546 262 obducatur.

310 280 406 323 Atque
425 281 596 322 experientia
615 278 674 320 ipsa
685 276 791 318 ubique
811 274 964 307 confirmat
977 278 1057 318 nigra
1072 286 1193 318 corpora
1208 296 1217 309 ,
1239 272 1258 304 si
1273 272 1480 316 aliquantulum
1492 271 1547 303 sint

310 322 451 366 diaphana
466 344 476 358 ‚
500 320 600 352 tubere
614 343 624 357 ‚
642 331 709 351 eum
724 319 850 351 uberiori
865 318 921 350 luci
938 329 1118 362 exponuntur
1131 344 1140 354 ,
1170 316 1218 348 etsi
1239 328 1360 361 corpora
1375 315 1495 348 candida
1515 318 1547 346 in

310 378 373 397 area
390 367 470 407 nigra
491 364 624 396 videntur
637 363 766 395 caerulca.
789 365 865 404 Qae
880 365 953 393 ratio
975 362 1064 404 vulgo
1078 360 1196 393 affertur
1210 372 1259 392 cur
1275 359 1382 392 coelum
1395 358 1548 390 caeruleum

311 409 460 446 videatur,
477 419 526 439 cut
540 408 591 440 Sol
606 410 637 438 ὅ(
654 409 733 438 Luna
748 418 838 451 prope
853 407 1036 437 horizontem
1056 405 1212 437 rubescant.

359 454 424 483 IV.
451 453 522 482 Haec
542 455 638 495 utique
659 449 752 481 obiter
782 452 969 491 attingimus,
984 461 1013 480 ut
1041 449 1075 480 ad
1100 448 1284 491 posteriorem
1305 446 1387 486 hujus
1414 445 1550 476 trastatus

313 506 421 538 partem
439 498 585 526 veniamus
597 520 605 533 ‚
624 497 653 524 in
672 505 728 536 qua
748 496 792 524 vir
814 490 987 523 acutissimus
1008 491 1105 522 multis
1123 491 1296 522 demonstrat
1311 488 1466 519 rationibus
1488 497 1549 517 non

312 549 357 567 eas
376 541 403 568 in
423 537 509 568 oculo
531 537 591 574 fieri
607 548 780 568 mutationes
800 547 869 578 quas
889 547 989 566 omncs
1012 534 1071 565 fere
1087 537 1136 577 qui
1155 535 1210 564 hoc
1225 534 1380 564 tractarunt
1396 541 1550 573 argumen-

314 591 374 611 tum
389 603 398 616 ‚
422 583 618 624 excogitarunt
633 606 641 619 ‚
669 591 698 611 ut
727 579 848 610 modum
869 590 928 622 quo
950 577 1020 610 vilio
1048 577 1217 621 perficitur,
1247 576 1428 618 explicarent.
1457 572 1551 604 Oculi

312 623 468 655 artificialis
480 647 488 660 ,
514 635 559 655 aut
573 623 634 655 tubi
647 626 734 666 optici
756 622 888 666 exemplo
905 621 944 653 usi
967 625 995 652 in
1023 634 1053 652 ea
1072 621 1184 652 fuerunt
1195 622 1333 664 opinione
1345 620 1465 648 retinam
1479 627 1552 660 pto.

311 671 374 709 pius
383 667 487 699 adduci
501 667 536 698 ad
550 666 756 710 crystallinum,
769 678 835 697 cum
848 677 891 697 res
903 664 1005 710 procul
1022 663 1127 695 dissitas
1146 674 1336 697 contuemur,
1353 660 1457 691 abduci
1470 671 1550 699 vero,

311 721 377 740 cum
399 722 442 741 res
454 710 540 741 oculo
554 713 702 754 propiores
717 713 859 740 cernimus
873 735 882 745 ,
901 712 941 740 uti
956 707 990 739 fit
1005 712 1034 739 in
1055 708 1140 738 oculo
1159 705 1310 738 artificiali.
1333 704 1388 735 Sed
1400 715 1465 734 cum
1482 705 1552 734 reti-

311 763 347 782 na
363 753 513 784 admoveri
528 752 692 793 crystallino
712 764 758 784 aut
778 756 870 785 vitreo
890 753 1005 784 humori
1020 773 1030 786 ,
1049 762 1094 781 aut
1106 749 1142 781 ab
1159 761 1194 780 eo
1215 752 1357 780 removeri
1371 758 1429 778 uon
1444 744 1550 790 poffit,

311 798 342 826 in
360 796 485 839 longiori
507 796 655 840 prospectu
676 795 797 839 gli-buin
815 797 946 826 contrahi
967 805 1075 838 putanz.
1102 794 1211 824 Contra
1229 795 1257 822 in
1278 799 1372 822 rerum
1390 792 1552 820 vicinarum

310 838 416 870 obtutu
441 851 505 870 eum
522 840 643 883 produci
660 839 804 870 finxerunt
819 861 828 875 ‚
853 851 899 869 aut
922 850 996 869 certe
1016 836 1170 878 crystallini
1186 837 1316 867 humoris
1338 832 1460 875 figuram
1485 844 1552 863 nm-

311 885 364 912 tari
384 881 552 919 credidere,
575 886 612 913 ita
626 894 656 913 ut
678 886 768 923 magis
790 882 985 926 complanatus
1003 879 1050 910 fiat
1064 906 1072 916 ‚
1092 891 1157 910 curn
1180 890 1222 909 res
1242 887 1374 908 corninus
1388 879 1551 912 cernimus,

310 926 397 968 idque
418 923 482 956 fieri
504 922 682 965 processuum
702 925 842 955 ciliarium
859 936 914 969 ope
928 947 937 960 ,
959 935 1030 965 quos
1044 922 1187 953 musculos
1207 920 1260 951 effe
1275 920 1385 951 volunt.
1412 921 1469 949 His
1480 930 1552 950 con·

310 970 406 999 tractis
422 972 451 999 &
467 968 574 999 inflatis
589 966 785 1009 crystallinum
795 970 937 1011 utrimque
955 966 1030 998 trahi
1052 970 1081 998 δι
1097 963 1297 1009 complanari,
1318 973 1348 994 ut
1365 961 1463 993 laxatis
1485 961 1553 1004 glo·

310 1010 454 1042 bofiorem
474 1010 536 1042 fieri
553 1010 735 1042 arbitrantur.

366 1058 403 1085 V.
447 1058 487 1085 At
515 1057 664 1099 peritiores
689 1055 856 1085 Anatomici
877 1050 948 1082 nihil
968 1051 1157 1083 musculosum
1175 1053 1203 1081 in
1229 1050 1284 1081 hoc
1308 1048 1446 1091 ligamine
1461 1047 1553 1079 ciliati

311 1097 571 1134 animadvertunt,
595 1109 678 1141 atque
696 1098 802 1128 humor
833 1095 889 1139 ipse
912 1095 974 1126 satis
999 1094 1099 1126 firmus
1127 1107 1159 1126 ex
1179 1092 1276 1124 multis
1305 1091 1444 1136 pelliculis
1475 1090 1555 1132 quafi

312 1140 434 1172 lamellis
449 1139 588 1172 conflatus
609 1152 667 1171 non
689 1137 748 1182 eju's
763 1139 876 1171 videtur
897 1138 949 1168 elle
966 1150 1092 1174 naturae,
1114 1151 1143 1169 ut
1169 1135 1290 1179 figuram
1306 1147 1416 1170 mutet,
1437 1133 1488 1164 nifi
1510 1134 1554 1165 (u-

312 1183 443 1227 perficies
465 1187 523 1227 ejus
549 1183 657 1228 rugosae
682 1182 774 1220 fiant,
800 1194 895 1215 rerum
918 1182 990 1213 adeo
1015 1185 1152 1224 imagines
1175 1184 1204 1212 in
1225 1179 1318 1211 fundo
1336 1178 1414 1211 oculi
1437 1189 1554 1222 petver-

312 1238 385 1259 tant.

358 1274 466 1302 Verum
482 1282 540 1301 non
560 1282 594 1301 ex
606 1272 743 1301 structura
754 1269 843 1300 modo
859 1269 953 1303 oculi,
968 1267 1012 1299 scd
1028 1271 1114 1298 etiam
1131 1278 1163 1298 ex
1177 1267 1233 1298 hoc
1250 1266 1360 1309 vulgari
1371 1267 1554 1308 experimen-

313 1323 344 1344 to
364 1314 477 1356 probari
504 1313 594 1356 potest
621 1313 731 1344 nullam
754 1315 783 1343 in
804 1311 879 1342 oculi
903 1310 993 1353 figura
1019 1309 1079 1340 ficri
1098 1312 1286 1339 mutationem
1302 1332 1311 1343 ,
1339 1309 1383 1339 scu
1400 1319 1552 1342 eominus,

312 1355 358 1386 seu
374 1359 485 1387 <minus
502 1367 544 1385 res
563 1355 690 1395 objectas
706 1358 875 1385 intueamur.
900 1353 975 1384 llssud
988 1352 1023 1383 ab
1044 1351 1180 1383 omnibus
1194 1352 1267 1394 pene
1282 1353 1399 1394 Opticis
1412 1351 1552 1382 traditum

313 1399 351 1429 est
373 1422 381 1434 ‚
405 1399 486 1430 fastis
505 1401 534 1429 in
555 1398 653 1429 charta
677 1397 780 1429 lusoria
799 1397 918 1439 aliquot⁴
933 1395 1113 1426 foraminulis
1139 1398 1169 1426 &
1190 1398 1227 1426 ita
1252 1394 1393 1438 duposrtis
1408 1416 1417 1428 ‚
1441 1404 1471 1424 ut
1494 1404 1555 1424 non

313 1442 436 1486 amplius
449 1446 520 1473 inter
542 1441 568 1472 sc
580 1441 682 1472 distent
698 1464 706 1477 ,
732 1452 818 1485 quam
834 1451 926 1483 pateat
947 1438 1061 1483 pupillae
1082 1437 1211 1468 foramen
1227 1461 1236 1473 ‚
1259 1450 1318 1468 rem
1344 1437 1489 1479 objttstam
1500 1458 1509 1471 ‚
1523 1447 1554 1468 ut

312 1486 461 1516 caudelam
482 1484 628 1516 accensam
647 1496 731 1529 penes
755 1485 930 1515 foraminum
949 1493 1101 1513 numerum
1117 1480 1335 1523 multiplicatam
1350 1483 1450 1516 cerni,
1467 1479 1554 1511 dum-

313 1529 405 1559 modo
423 1528 510 1573 posrta
531 1527 563 1559 fit
580 1539 658 1560 extra
681 1528 777 1558 locum
791 1550 800 1563 ,
822 1526 871 1557 ubi
888 1526 1019 1556 distinet&
1042 1525 1120 1556 nudo
1136 1524 1221 1554 oculo
1237 1524 1388 1555 videretur.
1420 1522 1510 1565 Qod
1531 1521 1552 1553 fi

314 1583 342 1600 v.
360 1583 402 1613 gr.
424 1584 466 1603 res
483 1571 598 1613 objcssta
611 1571 744 1602 distinete
758 1570 847 1602 videri
867 1580 988 1611 nequeat
1006 1567 1056 1598 nisi
1075 1567 1148 1599 ultra
1169 1566 1212 1596 sex
1226 1567 1312 1610 pedes
1325 1567 1428 1605 distet,
1453 1565 1554 1596 multi-

314 1613 380 1656 plex
400 1615 570 1657 apparebit,
594 1626 659 1645 cum
682 1617 799 1657 propius
816 1612 921 1643 sistetur
947 1626 953 1643 :
979 1611 1024 1642 sed
1038 1623 1092 1641 una
1116 1615 1145 1642 ὅ(
1164 1609 1283 1654 srmplex
1303 1610 1467 1645 videbitur,
1486 1619 1552 1639 cum

315 1661 343 1687 iu
360 1670 391 1687 ca
409 1659 596 1689 constituetur
617 1658 748 1688 distantia
763 1682 771 1693 ,
792 1659 820 1687 in
840 1667 894 1697 qua
910 1667 951 1686 res
966 1655 1097 1686 distinete
1111 1657 1266 1685 cernimus.
1290 1653 1371 1685 Tum
1388 1655 1464 1683 enim
1479 1651 1553 1683 radii

315 1711 366 1742 qui
384 1701 400 1731 a
419 1700 532 1743 lingulis
558 1703 596 1731 rei
617 1701 736 1742 objee‘he
761 1703 873 1743 pune-“tis
898 1710 944 1740 per
966 1697 1137 1728 foramniula
1152 1698 1187 1727 ad
1209 1696 1287 1728 oculi
1306 1696 1429 1728 fundum
1452 1706 1554 1738 petve-

315 1746 398 1774 niunr
417 1767 427 1779 ,
447 1756 475 1775 ιη
497 1747 586 1775 retina
613 1743 715 1786 singuli
738 1743 927 1786 depingentur
950 1755 956 1772 ε
981 1745 1060 1784 parvi
1081 1740 1187 1784 quippe
1212 1743 1279 1770 coni
1303 1737 1405 1770 radiosi
1428 1749 1552 1781 quorum

314 1788 407 1829 apices
429 1787 490 1818 sunt
510 1790 538 1817 iu
552 1786 666 1827 lingulis
683 1786 789 1829 objec‘ti
812 1787 924 1829 pune‘iis
938 1807 946 1819 ‚
971 1788 1000 1816 ἃ
1023 1784 1099 1814 bases
1121 1786 1149 1813 iu
1164 1784 1267 1814 clmrtx
1288 1781 1479 1813 foraminibus
1497 1793 1551 1824 op-

315 1829 420 1872 positos
437 1833 527 1872 apices
548 1834 575 1859 in
592 1829 705 1871 singulis
721 1833 817 1860 rerinae
837 1829 948 1871 punctis
965 1828 1131 1858 constitutos
1149 1825 1293 1856 hibtbunt
1307 1848 1315 1861 ,
1338 1825 1456 1868 simplex
1477 1823 1550 1856 adeo

316 1871 386 1903 vifio
409 1883 469 1904 tum
486 1873 578 1902 furum
595 1874 639 1903 est.
665 1875 702 1903 At
725 1872 742 1903 fi
765 1884 823 1904 non
840 1883 868 1901 ca
890 1870 921 1901 sir
943 1870 1021 1900 oculi
1045 1867 1238 1900 conformatio
1255 1891 1264 1904 ,
1285 1880 1341 1911 qua
1358 1867 1441 1913 possit
1456 1867 1551 1899 radios

315 1918 345 1945 in
367 1918 455 1946 retina
471 1915 606 1958 colligere
620 1938 629 1950 ‚
653 1919 716 1945 coni
732 1919 803 1947 intra
818 1914 932 1945 oculum
949 1913 1057 1944 tardius
1076 1924 1121 1943 aut
1141 1911 1224 1942 citius
1240 1923 1325 1954 quam
1343 1924 1405 1955 pars
1419 1910 1469 1947 fit,
1485 1913 1550 1942 coi'-

316 1958 407 1994 bunt,
426 1958 530 2000 eosque
549 1961 638 1989 retina
653 1969 717 1988 ante
730 1983 737 1993 ,
755 1968 800 1987 aut
823 1958 883 2000 post
901 1960 1060 1989 coitionem
1083 1955 1192 1987 secabit.
1217 1955 1303 1988 Unde
1317 1954 1424 1997 lingula
1442 1954 1550 1996 objecti

317 2004 421 2045 pune'ta
436 2006 555 2033 retinam
575 2000 698 2033 afficient
715 2003 742 2031 in
766 1999 879 2030 diversis
899 2000 985 2034 locis,
999 2011 1028 2029 ac
1053 1998 1203 2041 multiplex
1223 1997 1296 2028 illud
1309 1998 1454 2041 apparebit
1471 2000 1549 2038 juxta

317 2057 467 2076 numerum
480 2045 664 2076 foraminum.
687 2046 766 2074 Tum
782 2046 869 2074 ctiam
887 2042 1001 2086 singula:
1014 2041 1119 2083 objteh
1133 2044 1273 2084 imagines
1288 2041 1475 2072 distmetiores
1490 2050 1547 2069 cer—

317 2099 419 2121 nentur
442 2111 452 2125 ,
478 2089 565 2133 quim
591 2087 611 2121 fi
634 2088 783 2129 objeelmm
808 2086 865 2117 sine
881 2087 984 2118 chartac
1006 2083 1173 2128 interpositu
1187 2084 1330 2116 videretur
1350 2096 1359 2120 ;
1381 2082 1458 2127 quod
1479 2085 1547 2114 coni
