<?xml version="1.0" encoding="UTF-8"?>
<!DOCTYPE html PUBLIC "-//W3C//DTD XHTML 1.0 Transitional//EN"
    "http://www.w3.org/TR/xhtml1/DTD/xhtml1-transitional.dtd">
<html xmlns="http://www.w3.org/1999/xhtml" xml:lang="en" lang="en">
 <head>
  <title>
</title>
<meta http-equiv="Content-Type" content="text/html;charset=utf-8" />
  <meta name='ocr-system' content='tesseract 3.04.00' />
  <meta name='ocr-capabilities' content='ocr_page ocr_carea ocr_par ocr_line ocrx_word'/>
</head>
<body>
  <div class='ocr_page' id='page_1' title='image "./regiscientiaru98duha_0064.png"; bbox 0 0 1638 2345; ppageno 0'>
   <div class='ocr_carea' id='block_1_1' title="bbox 190 127 1524 1290">
    <p class='ocr_par' dir='ltr' id='par_1_1' title="bbox 190 127 1524 290">
     <span class='ocr_line' id='line_1_1' title="bbox 299 127 1221 165; baseline -0.001 -6"><span class='ocrx_word' id='word_1_1' title='bbox 299 139 338 165; x_wconf 85' lang='lat'>42</span> <span class='ocrx_word' id='word_1_2' title='bbox 614 127 785 160; x_wconf 78' lang='lat' dir='ltr'>REG1AE</span> <span class='ocrx_word' id='word_1_3' title='bbox 834 127 1221 161; x_wconf 83' lang='lat' dir='ltr'>SCIENTIARUM</span> 
     </span>
     <span class='ocr_line' id='line_1_2' title="bbox 191 169 1524 216; baseline 0.003 -17"><span class='ocrx_word' id='word_1_4' title='bbox 191 171 278 199; x_wconf 61' lang='lat' dir='ltr'>Arm.</span> <span class='ocrx_word' id='word_1_5' title='bbox 296 171 412 213; x_wconf 81' lang='lat' dir='ltr'>quidem</span> <span class='ocrx_word' id='word_1_6' title='bbox 435 169 595 214; x_wconf 78' lang='lat' dir='ltr'>semidigito</span> <span class='ocrx_word' id='word_1_7' title='bbox 615 176 707 214; x_wconf 86' lang='lat' dir='ltr'>major</span> <span class='ocrx_word' id='word_1_8' title='bbox 750 171 816 203; x_wconf 75' lang='lat' dir='ltr'>uam</span> <span class='ocrx_word' id='word_1_9' title='bbox 837 183 933 203; x_wconf 88' lang='lat' dir='ltr'>revera</span> <span class='ocrx_word' id='word_1_10' title='bbox 943 172 1009 202; x_wconf 79' lang='lat' dir='ltr'>esset</span> <span class='ocrx_word' id='word_1_11' title='bbox 1023 197 1030 207; x_wconf 89' lang='lat'><em>,</em></span> <span class='ocrx_word' id='word_1_12' title='bbox 1045 175 1173 215; x_wconf 80' lang='lat' dir='ltr'>appatuit</span> <span class='ocrx_word' id='word_1_13' title='bbox 1191 193 1200 206; x_wconf 91' lang='lat'>,</span> <span class='ocrx_word' id='word_1_14' title='bbox 1215 171 1302 216; x_wconf 85' lang='lat' dir='ltr'>&#39;quod</span> <span class='ocrx_word' id='word_1_15' title='bbox 1324 182 1385 216; x_wconf 79' lang='lat' dir='ltr'>pars</span> <span class='ocrx_word' id='word_1_16' title='bbox 1408 175 1493 205; x_wconf 77' lang='lat' dir='ltr'>Luna:</span> <span class='ocrx_word' id='word_1_17' title='bbox 1507 175 1524 205; x_wconf 69' lang='lat' dir='ltr'>i</span> 
     </span>
     <span class='ocr_line' id='line_1_3' title="bbox 190 182 1523 260; baseline 0.007 -20"><span class='ocrx_word' id='word_1_18' title='bbox 190 216 270 244; x_wconf 76' lang='lat'>1668.</span> <span class='ocrx_word' id='word_1_19' title='bbox 297 213 364 245; x_wconf 82' lang='lat' dir='ltr'>sole</span> <span class='ocrx_word' id='word_1_20' title='bbox 385 214 520 246; x_wconf 81' lang='lat' dir='ltr'>illustrata</span> <span class='ocrx_word' id='word_1_21' title='bbox 546 215 693 246; x_wconf 89' lang='lat' dir='ltr'>horizonti</span> <span class='ocrx_word' id='word_1_22' title='bbox 725 182 849 246; x_wconf 44' lang='lat' dir='ltr'>Finitima</span> <span class='ocrx_word' id='word_1_23' title='bbox 875 226 932 258; x_wconf 78' lang='lat' dir='ltr'>pra:</span> <span class='ocrx_word' id='word_1_24' title='bbox 945 215 1114 247; x_wconf 65' lang='lat' dir='ltr'>refractione</span> <span class='ocrx_word' id='word_1_25' title='bbox 1139 216 1244 246; x_wconf 56' lang='lat' dir='ltr'>arctior</span> <span class='ocrx_word' id='word_1_26' title='bbox 1263 214 1351 258; x_wconf 69' lang='lat' dir='ltr'>quam</span> <span class='ocrx_word' id='word_1_27' title='bbox 1371 228 1419 260; x_wconf 80' lang='lat' dir='ltr'>par</span> <span class='ocrx_word' id='word_1_28' title='bbox 1440 216 1523 254; x_wconf 87' lang='lat' dir='ltr'>esset,</span> 
     </span>
     <span class='ocr_line' id='line_1_4' title="bbox 297 257 450 290; baseline 0.02 -4"><span class='ocrx_word' id='word_1_29' title='bbox 297 257 450 290; x_wconf 80' lang='lat' dir='ltr'>videretur.</span> 
     </span>
    </p>

    <p class='ocr_par' dir='ltr' id='par_1_2' title="bbox 293 300 1524 730">
     <span class='ocr_line' id='line_1_5' title="bbox 329 300 1523 345; baseline -0.001 -14"><span class='ocrx_word' id='word_1_30' title='bbox 329 303 373 331; x_wconf 90' lang='lat'>11.</span> <span class='ocrx_word' id='word_1_31' title='bbox 403 302 564 345; x_wconf 75' lang='lat' dir='ltr'>Antequam</span> <span class='ocrx_word' id='word_1_32' title='bbox 587 300 698 345; x_wconf 81' lang='lat' dir='ltr'>eclipfis</span> <span class='ocrx_word' id='word_1_33' title='bbox 722 305 880 344; x_wconf 83' lang='lat' dir='ltr'>inciperet,</span> <span class='ocrx_word' id='word_1_34' title='bbox 906 300 1036 343; x_wconf 87' lang='lat' dir='ltr'>subnigra</span> <span class='ocrx_word' id='word_1_35' title='bbox 1058 300 1167 331; x_wconf 86' lang='lat' dir='ltr'>macula</span> <span class='ocrx_word' id='word_1_36' title='bbox 1183 324 1193 337; x_wconf 88' lang='lat'>‚</span> <span class='ocrx_word' id='word_1_37' title='bbox 1216 313 1292 332; x_wconf 80' lang='lat' dir='ltr'>mare</span> <span class='ocrx_word' id='word_1_38' title='bbox 1308 301 1443 345; x_wconf 80' lang='lat' dir='ltr'>Caspium</span> <span class='ocrx_word' id='word_1_39' title='bbox 1471 314 1523 333; x_wconf 89' lang='lat' dir='ltr'>vo-</span> 
     </span>
     <span class='ocr_line' id='line_1_6' title="bbox 295 344 1524 388; baseline 0.002 -14"><span class='ocrx_word' id='word_1_40' title='bbox 295 355 380 378; x_wconf 86' lang='lat' dir='ltr'>caut,</span> <span class='ocrx_word' id='word_1_41' title='bbox 401 355 459 375; x_wconf 84' lang='lat' dir='ltr'>erat</span> <span class='ocrx_word' id='word_1_42' title='bbox 483 344 573 375; x_wconf 88' lang='lat' dir='ltr'>limbo</span> <span class='ocrx_word' id='word_1_43' title='bbox 600 348 731 388; x_wconf 81' lang='lat' dir='ltr'>proxima</span> <span class='ocrx_word' id='word_1_44' title='bbox 745 367 754 380; x_wconf 95' lang='lat'>‚</span> <span class='ocrx_word' id='word_1_45' title='bbox 769 346 909 377; x_wconf 82' lang='lat' dir='ltr'>diameter</span> <span class='ocrx_word' id='word_1_46' title='bbox 944 346 1031 375; x_wconf 78' lang='lat' dir='ltr'>Lunae</span> <span class='ocrx_word' id='word_1_47' title='bbox 1055 356 1095 384; x_wconf 82' lang='lat'>33.</span> <span class='ocrx_word' id='word_1_48' title='bbox 1120 347 1222 376; x_wconf 84' lang='lat' dir='ltr'>minut.</span> <span class='ocrx_word' id='word_1_49' title='bbox 1247 348 1275 376; x_wconf 61' lang='grc' dir='ltr'><strong>ἃ</strong></span> <span class='ocrx_word' id='word_1_50' title='bbox 1296 348 1322 378; x_wconf 90' lang='grc'>8.</span> <span class='ocrx_word' id='word_1_51' title='bbox 1344 344 1524 376; x_wconf 72' lang='grc' dir='ltr'>[ιευηά.ᾗιίτ</span> 
     </span>
     <span class='ocr_line' id='line_1_7' title="bbox 295 386 1523 431; baseline 0 -15"><span class='ocrx_word' id='word_1_52' title='bbox 295 386 454 418; x_wconf 82' lang='lat' dir='ltr'>observata.</span> <span class='ocrx_word' id='word_1_53' title='bbox 482 390 523 419; x_wconf 82' lang='lat' dir='ltr'>Ex</span> <span class='ocrx_word' id='word_1_54' title='bbox 543 398 602 430; x_wconf 90' lang='lat' dir='ltr'>quo</span> <span class='ocrx_word' id='word_1_55' title='bbox 623 389 663 420; x_wconf 91' lang='lat' dir='ltr'>D.</span> <span class='ocrx_word' id='word_1_56' title='bbox 687 387 788 419; x_wconf 86' lang='lat' dir='ltr'>Picard</span> <span class='ocrx_word' id='word_1_57' title='bbox 806 386 884 418; x_wconf 87' lang='lat' dir='ltr'>suam</span> <span class='ocrx_word' id='word_1_58' title='bbox 903 388 1098 426; x_wconf 70' lang='lat' dir='ltr'>conjecturam</span> <span class='ocrx_word' id='word_1_59' title='bbox 1123 399 1204 418; x_wconf 82' lang='lat' dir='ltr'>antea</span> <span class='ocrx_word' id='word_1_60' title='bbox 1219 387 1391 431; x_wconf 82' lang='lat' dir='ltr'>propoli:am</span> <span class='ocrx_word' id='word_1_61' title='bbox 1413 386 1523 419; x_wconf 80' lang='lat' dir='ltr'>confir-</span> 
     </span>
     <span class='ocr_line' id='line_1_8' title="bbox 295 429 1523 472; baseline 0 -13"><span class='ocrx_word' id='word_1_62' title='bbox 295 434 382 462; x_wconf 71' lang='lat' dir='ltr'>mavit</span> <span class='ocrx_word' id='word_1_63' title='bbox 398 453 407 466; x_wconf 91' lang='lat'>,</span> <span class='ocrx_word' id='word_1_64' title='bbox 420 433 531 462; x_wconf 86' lang='lat' dir='ltr'>Lunam</span> <span class='ocrx_word' id='word_1_65' title='bbox 554 430 688 462; x_wconf 84' lang='lat' dir='ltr'>videlicet</span> <span class='ocrx_word' id='word_1_66' title='bbox 709 442 768 462; x_wconf 89' lang='lat' dir='ltr'>uon</span> <span class='ocrx_word' id='word_1_67' title='bbox 787 429 856 462; x_wconf 73' lang='lat' dir='ltr'>alias</span> <span class='ocrx_word' id='word_1_68' title='bbox 871 433 1010 472; x_wconf 85' lang='lat' dir='ltr'>majorem</span> <span class='ocrx_word' id='word_1_69' title='bbox 1021 430 1112 461; x_wconf 82' lang='lat' dir='ltr'>videri</span> <span class='ocrx_word' id='word_1_70' title='bbox 1125 453 1133 465; x_wconf 91' lang='lat'>‚</span> <span class='ocrx_word' id='word_1_71' title='bbox 1149 429 1196 461; x_wconf 89' lang='lat' dir='ltr'>uhi</span> <span class='ocrx_word' id='word_1_72' title='bbox 1219 435 1278 472; x_wconf 81' lang='lat' dir='ltr'>ejus</span> <span class='ocrx_word' id='word_1_73' title='bbox 1291 430 1452 462; x_wconf 74' lang='lat' dir='ltr'>altitudines</span> <span class='ocrx_word' id='word_1_74' title='bbox 1475 430 1523 461; x_wconf 86' lang='lat' dir='ltr'>su-</span> 
     </span>
     <span class='ocr_line' id='line_1_9' title="bbox 294 472 1522 517; baseline 0.002 -15"><span class='ocrx_word' id='word_1_75' title='bbox 294 485 344 515; x_wconf 86' lang='lat' dir='ltr'>pra</span> <span class='ocrx_word' id='word_1_76' title='bbox 367 474 549 505; x_wconf 79' lang='lat' dir='ltr'>horizontem</span> <span class='ocrx_word' id='word_1_77' title='bbox 569 485 647 516; x_wconf 83' lang='lat' dir='ltr'>pares</span> <span class='ocrx_word' id='word_1_78' title='bbox 666 474 831 510; x_wconf 87' lang='lat' dir='ltr'>sumuntur,</span> <span class='ocrx_word' id='word_1_79' title='bbox 852 473 939 517; x_wconf 68' lang='lat' dir='ltr'>quam</span> <span class='ocrx_word' id='word_1_80' title='bbox 962 484 1028 503; x_wconf 92' lang='lat' dir='ltr'>cum</span> <span class='ocrx_word' id='word_1_81' title='bbox 1044 484 1164 516; x_wconf 72' lang='lat' dir='ltr'>pcrtgaea</span> <span class='ocrx_word' id='word_1_82' title='bbox 1188 472 1239 504; x_wconf 88' lang='lat' dir='ltr'>soli</span> <span class='ocrx_word' id='word_1_83' title='bbox 1266 477 1422 517; x_wconf 82' lang='lat' dir='ltr'>opponitur</span> <span class='ocrx_word' id='word_1_84' title='bbox 1439 499 1449 513; x_wconf 88' lang='lat'><em>‚</em></span> <span class='ocrx_word' id='word_1_85' title='bbox 1474 485 1522 505; x_wconf 88' lang='lat' dir='ltr'>aut</span> 
     </span>
     <span class='ocr_line' id='line_1_10' title="bbox 295 516 1520 559; baseline 0.002 -15"><span class='ocrx_word' id='word_1_86' title='bbox 295 527 359 546; x_wconf 82' lang='lat' dir='ltr'>cum</span> <span class='ocrx_word' id='word_1_87' title='bbox 385 528 419 547; x_wconf 88' lang='lat' dir='ltr'>eo</span> <span class='ocrx_word' id='word_1_88' title='bbox 437 519 643 559; x_wconf 77' lang='lat' dir='ltr'>conjungitur:</span> <span class='ocrx_word' id='word_1_89' title='bbox 663 528 724 548; x_wconf 90' lang='lat' dir='ltr'>tum</span> <span class='ocrx_word' id='word_1_90' title='bbox 745 519 825 548; x_wconf 89' lang='lat' dir='ltr'>enim</span> <span class='ocrx_word' id='word_1_91' title='bbox 846 516 925 559; x_wconf 85' lang='lat' dir='ltr'>supra</span> <span class='ocrx_word' id='word_1_92' title='bbox 945 516 1129 546; x_wconf 81' lang='lat' dir='ltr'>horizontem</span> <span class='ocrx_word' id='word_1_93' title='bbox 1153 517 1275 547; x_wconf 85' lang='lat' dir='ltr'>multum</span> <span class='ocrx_word' id='word_1_94' title='bbox 1301 516 1407 547; x_wconf 72' lang='lat' dir='ltr'>sublata</span> <span class='ocrx_word' id='word_1_95' title='bbox 1430 516 1464 547; x_wconf 82' lang='lat' dir='ltr'>ael</span> <span class='ocrx_word' id='word_1_96' title='bbox 1484 527 1520 556; x_wconf 73' lang='lat'>34</span> 
     </span>
     <span class='ocr_line' id='line_1_11' title="bbox 295 558 1523 603; baseline 0 -15"><span class='ocrx_word' id='word_1_97' title='bbox 295 558 379 601; x_wconf 82' lang='lat' dir='ltr'>usque</span> <span class='ocrx_word' id='word_1_98' title='bbox 402 562 474 590; x_wconf 87' lang='lat' dir='ltr'>min.</span> <span class='ocrx_word' id='word_1_99' title='bbox 496 570 572 603; x_wconf 79' lang='lat' dir='ltr'>patet</span> <span class='ocrx_word' id='word_1_100' title='bbox 594 563 654 600; x_wconf 87' lang='lat' dir='ltr'>ejus</span> <span class='ocrx_word' id='word_1_101' title='bbox 682 560 819 590; x_wconf 79' lang='lat' dir='ltr'>diameter</span> <span class='ocrx_word' id='word_1_102' title='bbox 837 581 845 594; x_wconf 91' lang='lat'><em>‚</em></span> <span class='ocrx_word' id='word_1_103' title='bbox 877 562 907 589; x_wconf 61' lang='grc' dir='ltr'>δέ</span> <span class='ocrx_word' id='word_1_104' title='bbox 928 558 1036 602; x_wconf 83' lang='lat' dir='ltr'>aliquot</span> <span class='ocrx_word' id='word_1_105' title='bbox 1065 569 1174 589; x_wconf 86' lang='lat' dir='ltr'>tanturn</span> <span class='ocrx_word' id='word_1_106' title='bbox 1202 558 1329 590; x_wconf 68' lang='lat' dir='ltr'>secundis</span> <span class='ocrx_word' id='word_1_107' title='bbox 1350 562 1446 589; x_wconf 84' lang='lat' dir='ltr'>minor</span> <span class='ocrx_word' id='word_1_108' title='bbox 1468 559 1523 589; x_wconf 81' lang='lat' dir='ltr'>effe</span> 
     </span>
     <span class='ocr_line' id='line_1_12' title="bbox 295 600 1517 645; baseline 0.002 -15"><span class='ocrx_word' id='word_1_109' title='bbox 295 602 406 642; x_wconf 78' lang='lat' dir='ltr'>potest:</span> <span class='ocrx_word' id='word_1_110' title='bbox 436 613 502 633; x_wconf 84' lang='lat' dir='ltr'>cum</span> <span class='ocrx_word' id='word_1_111' title='bbox 520 605 547 632; x_wconf 91' lang='lat' dir='ltr'>in</span> <span class='ocrx_word' id='word_1_112' title='bbox 568 601 745 644; x_wconf 78' lang='lat' dir='ltr'>quadraturis</span> <span class='ocrx_word' id='word_1_113' title='bbox 768 604 798 632; x_wconf 64' lang='grc' dir='ltr'>δέ</span> <span class='ocrx_word' id='word_1_114' title='bbox 823 605 942 645; x_wconf 77' lang='lat' dir='ltr'>petigaea</span> <span class='ocrx_word' id='word_1_115' title='bbox 967 612 1027 639; x_wconf 72' lang='lat' dir='ltr'>ejus</span> <span class='ocrx_word' id='word_1_116' title='bbox 1045 600 1182 632; x_wconf 71' lang='lat' dir='ltr'>diameter</span> <span class='ocrx_word' id='word_1_117' title='bbox 1205 602 1239 632; x_wconf 85' lang='lat' dir='ltr'>ad</span> <span class='ocrx_word' id='word_1_118' title='bbox 1267 614 1297 641; x_wconf 75' lang='lat'>32</span> <span class='ocrx_word' id='word_1_119' title='bbox 1317 601 1428 633; x_wconf 71' lang='lat' dir='ltr'>rantum</span> <span class='ocrx_word' id='word_1_120' title='bbox 1446 604 1517 632; x_wconf 89' lang='lat' dir='ltr'>min.</span> 
     </span>
     <span class='ocr_line' id='line_1_13' title="bbox 297 644 1520 689; baseline 0.002 -15"><span class='ocrx_word' id='word_1_121' title='bbox 297 648 326 674; x_wconf 52' lang='grc' dir='ltr'>ἃ</span> <span class='ocrx_word' id='word_1_122' title='bbox 349 655 387 682; x_wconf 83' lang='lat'>30</span> <span class='ocrx_word' id='word_1_123' title='bbox 418 644 470 675; x_wconf 81' lang='lat' dir='ltr'>sec.</span> <span class='ocrx_word' id='word_1_124' title='bbox 495 657 547 676; x_wconf 88' lang='lat' dir='ltr'>nec</span> <span class='ocrx_word' id='word_1_125' title='bbox 575 644 698 688; x_wconf 76' lang='lat' dir='ltr'>amplius</span> <span class='ocrx_word' id='word_1_126' title='bbox 729 656 831 688; x_wconf 80' lang='lat' dir='ltr'>pateat.</span> <span class='ocrx_word' id='word_1_127' title='bbox 857 646 890 675; x_wconf 80' lang='lat' dir='ltr'>ld</span> <span class='ocrx_word' id='word_1_128' title='bbox 919 644 989 674; x_wconf 73' lang='lat' dir='ltr'>verb</span> <span class='ocrx_word' id='word_1_129' title='bbox 1019 645 1073 674; x_wconf 91' lang='lat' dir='ltr'>hoc</span> <span class='ocrx_word' id='word_1_130' title='bbox 1094 648 1182 687; x_wconf 84' lang='lat' dir='ltr'>magis</span> <span class='ocrx_word' id='word_1_131' title='bbox 1202 645 1359 675; x_wconf 80' lang='lat' dir='ltr'>notandum</span> <span class='ocrx_word' id='word_1_132' title='bbox 1379 644 1520 689; x_wconf 82' lang='lat' dir='ltr'>putabat,</span> 
     </span>
     <span class='ocr_line' id='line_1_14' title="bbox 293 685 1409 730; baseline 0.002 -14"><span class='ocrx_word' id='word_1_133' title='bbox 293 686 372 728; x_wconf 83' lang='lat' dir='ltr'>quod</span> <span class='ocrx_word' id='word_1_134' title='bbox 399 688 567 718; x_wconf 81' lang='lat' dir='ltr'>Astronomi</span> <span class='ocrx_word' id='word_1_135' title='bbox 587 689 652 718; x_wconf 92' lang='lat' dir='ltr'>huic</span> <span class='ocrx_word' id='word_1_136' title='bbox 669 690 842 721; x_wconf 82' lang='lat' dir='ltr'>contrariam</span> <span class='ocrx_word' id='word_1_137' title='bbox 864 685 1044 730; x_wconf 73' lang='lat' dir='ltr'>hypothesim</span> <span class='ocrx_word' id='word_1_138' title='bbox 1067 699 1097 718; x_wconf 92' lang='lat' dir='ltr'>ut</span> <span class='ocrx_word' id='word_1_139' title='bbox 1123 697 1228 717; x_wconf 77' lang='lat' dir='ltr'>certam</span> <span class='ocrx_word' id='word_1_140' title='bbox 1255 687 1409 730; x_wconf 84' lang='lat' dir='ltr'>posuerint.</span> 
     </span>
    </p>

    <p class='ocr_par' dir='ltr' id='par_1_3' title="bbox 292 728 1522 933">
     <span class='ocr_line' id='line_1_15' title="bbox 328 728 1522 774; baseline 0.003 -14"><span class='ocrx_word' id='word_1_141' title='bbox 328 732 368 760; x_wconf 77' lang='lat' dir='ltr'>Ex</span> <span class='ocrx_word' id='word_1_142' title='bbox 386 730 494 761; x_wconf 79' lang='lat' dir='ltr'>umbra:</span> <span class='ocrx_word' id='word_1_143' title='bbox 508 729 624 761; x_wconf 81' lang='lat' dir='ltr'>transitu</span> <span class='ocrx_word' id='word_1_144' title='bbox 636 741 686 774; x_wconf 81' lang='lat' dir='ltr'>pet·</span> <span class='ocrx_word' id='word_1_145' title='bbox 703 729 827 762; x_wconf 82' lang='lat' dir='ltr'>diversas</span> <span class='ocrx_word' id='word_1_146' title='bbox 845 729 918 762; x_wconf 69' lang='lat' dir='ltr'>lunae</span> <span class='ocrx_word' id='word_1_147' title='bbox 935 739 1026 772; x_wconf 86' lang='lat' dir='ltr'>partes</span> <span class='ocrx_word' id='word_1_148' title='bbox 1046 728 1100 761; x_wconf 90' lang='lat' dir='ltr'>suis</span> <span class='ocrx_word' id='word_1_149' title='bbox 1118 730 1285 761; x_wconf 73' lang='lat' dir='ltr'>nominihus</span> <span class='ocrx_word' id='word_1_150' title='bbox 1301 730 1456 772; x_wconf 76' lang='lat' dir='ltr'>dclignatas</span> <span class='ocrx_word' id='word_1_151' title='bbox 1466 732 1522 763; x_wconf 89' lang='lat' dir='ltr'>ob-</span> 
     </span>
     <span class='ocr_line' id='line_1_16' title="bbox 294 771 1520 816; baseline 0.001 -13"><span class='ocrx_word' id='word_1_152' title='bbox 294 772 403 804; x_wconf 68' lang='lat' dir='ltr'>servato</span> <span class='ocrx_word' id='word_1_153' title='bbox 419 773 577 815; x_wconf 80' lang='lat' dir='ltr'>judicatum</span> <span class='ocrx_word' id='word_1_154' title='bbox 599 772 651 804; x_wconf 85' lang='lat' dir='ltr'>fuit</span> <span class='ocrx_word' id='word_1_155' title='bbox 667 773 838 804; x_wconf 79' lang='lat' dir='ltr'>diametrum</span> <span class='ocrx_word' id='word_1_156' title='bbox 859 773 967 804; x_wconf 75' lang='lat' dir='ltr'>umbrae</span> <span class='ocrx_word' id='word_1_157' title='bbox 992 772 1108 816; x_wconf 82' lang='lat' dir='ltr'>duplam</span> <span class='ocrx_word' id='word_1_158' title='bbox 1131 783 1192 803; x_wconf 90' lang='lat' dir='ltr'>tum</span> <span class='ocrx_word' id='word_1_159' title='bbox 1216 771 1295 804; x_wconf 62' lang='lat' dir='ltr'>fisill&#39;e</span> <span class='ocrx_word' id='word_1_160' title='bbox 1315 773 1386 805; x_wconf 71' lang='lat' dir='ltr'>luna·</span> <span class='ocrx_word' id='word_1_161' title='bbox 1408 773 1520 804; x_wconf 73' lang='lat' dir='ltr'>diame-</span> 
     </span>
     <span class='ocr_line' id='line_1_17' title="bbox 293 814 1519 859; baseline 0.002 -15"><span class='ocrx_word' id='word_1_162' title='bbox 293 818 329 845; x_wconf 86' lang='lat' dir='ltr'>tri</span> <span class='ocrx_word' id='word_1_163' title='bbox 346 827 353 850; x_wconf 80' lang='lat'>¹‚</span> <span class='ocrx_word' id='word_1_164' title='bbox 376 816 534 859; x_wconf 83' lang='lat' dir='ltr'>penumbra</span> <span class='ocrx_word' id='word_1_165' title='bbox 557 816 664 859; x_wconf 82' lang='lat' dir='ltr'>semper</span> <span class='ocrx_word' id='word_1_166' title='bbox 687 817 746 847; x_wconf 83' lang='lat' dir='ltr'>visa</span> <span class='ocrx_word' id='word_1_167' title='bbox 766 817 804 847; x_wconf 84' lang='lat' dir='ltr'>tst</span> <span class='ocrx_word' id='word_1_168' title='bbox 820 817 950 847; x_wconf 85' lang='lat' dir='ltr'>umbram</span> <span class='ocrx_word' id='word_1_169' title='bbox 966 814 1130 846; x_wconf 76' lang='lat' dir='ltr'>antecedere</span> <span class='ocrx_word' id='word_1_170' title='bbox 1145 819 1227 846; x_wconf 89' lang='lat' dir='ltr'>unius</span> <span class='ocrx_word' id='word_1_171' title='bbox 1250 815 1339 847; x_wconf 74' lang='lat' dir='ltr'>ferme</span> <span class='ocrx_word' id='word_1_172' title='bbox 1355 817 1437 859; x_wconf 79' lang='lat' dir='ltr'>digiti</span> <span class='ocrx_word' id='word_1_173' title='bbox 1458 816 1519 847; x_wconf 90' lang='lat' dir='ltr'>lon-</span> 
     </span>
     <span class='ocr_line' id='line_1_18' title="bbox 292 857 1520 905; baseline 0.002 -17"><span class='ocrx_word' id='word_1_174' title='bbox 292 860 431 900; x_wconf 75' lang='lat' dir='ltr'>gitudine.</span> <span class='ocrx_word' id='word_1_175' title='bbox 454 859 511 890; x_wconf 87' lang='lat' dir='ltr'>Sed</span> <span class='ocrx_word' id='word_1_176' title='bbox 537 862 586 891; x_wconf 83' lang='lat' dir='ltr'>vix</span> <span class='ocrx_word' id='word_1_177' title='bbox 606 871 637 890; x_wconf 84' lang='lat' dir='ltr'>ea</span> <span class='ocrx_word' id='word_1_178' title='bbox 661 858 709 890; x_wconf 91' lang='lat' dir='ltr'>sub</span> <span class='ocrx_word' id='word_1_179' title='bbox 729 858 817 890; x_wconf 86' lang='lat' dir='ltr'>finem</span> <span class='ocrx_word' id='word_1_180' title='bbox 844 859 978 905; x_wconf 79' lang='lat' dir='ltr'>eclipseos</span> <span class='ocrx_word' id='word_1_181' title='bbox 1001 861 1092 902; x_wconf 89' lang='lat' dir='ltr'>potuit</span> <span class='ocrx_word' id='word_1_182' title='bbox 1105 857 1140 890; x_wconf 88' lang='lat' dir='ltr'>ab</span> <span class='ocrx_word' id='word_1_183' title='bbox 1161 859 1261 890; x_wconf 88' lang='lat' dir='ltr'>umbra</span> <span class='ocrx_word' id='word_1_184' title='bbox 1278 860 1382 890; x_wconf 76' lang='lat' dir='ltr'>secerni</span> <span class='ocrx_word' id='word_1_185' title='bbox 1400 860 1446 890; x_wconf 91' lang='lat' dir='ltr'>die</span> <span class='ocrx_word' id='word_1_186' title='bbox 1461 863 1520 901; x_wconf 81' lang='lat' dir='ltr'>jam</span> 
     </span>
     <span class='ocr_line' id='line_1_19' title="bbox 292 899 482 933; baseline 0.016 -3"><span class='ocrx_word' id='word_1_187' title='bbox 292 899 482 933; x_wconf 84' lang='lat' dir='ltr'>illucescente.</span> 
     </span>
    </p>

    <p class='ocr_par' dir='ltr' id='par_1_4' title="bbox 290 945 1520 1160">
     <span class='ocr_line' id='line_1_20' title="bbox 329 945 1518 990; baseline 0.003 -16"><span class='ocrx_word' id='word_1_188' title='bbox 329 947 409 975; x_wconf 86' lang='lat' dir='ltr'>Luna</span> <span class='ocrx_word' id='word_1_189' title='bbox 427 946 610 976; x_wconf 79' lang='lat' dir='ltr'>horizontem</span> <span class='ocrx_word' id='word_1_190' title='bbox 630 949 720 990; x_wconf 82' lang='lat' dir='ltr'>coepit</span> <span class='ocrx_word' id='word_1_191' title='bbox 745 949 881 988; x_wconf 85' lang='lat' dir='ltr'>attingere</span> <span class='ocrx_word' id='word_1_192' title='bbox 900 946 954 975; x_wconf 90' lang='lat' dir='ltr'>hor</span> <span class='ocrx_word' id='word_1_193' title='bbox 979 958 1009 985; x_wconf 87' lang='lat'>4.</span> <span class='ocrx_word' id='word_1_194' title='bbox 1030 956 1094 976; x_wconf 89' lang='lat' dir='ltr'>cum</span> <span class='ocrx_word' id='word_1_195' title='bbox 1117 956 1140 986; x_wconf 84' lang='lat'>5.</span> <span class='ocrx_word' id='word_1_196' title='bbox 1163 947 1233 977; x_wconf 88' lang='lat' dir='ltr'>min.</span> <span class='ocrx_word' id='word_1_197' title='bbox 1257 949 1287 978; x_wconf 66' lang='grc' dir='ltr'>ὅ(</span> <span class='ocrx_word' id='word_1_198' title='bbox 1315 945 1518 982; x_wconf 77' lang='lat' dir='ltr'>29.sccund1&#39;s.</span> 
     </span>
     <span class='ocr_line' id='line_1_21' title="bbox 293 987 1518 1031; baseline 0.002 -13"><span class='ocrx_word' id='word_1_199' title='bbox 293 987 384 1028; x_wconf 86' lang='lat' dir='ltr'>Qod</span> <span class='ocrx_word' id='word_1_200' title='bbox 398 987 417 1018; x_wconf 80' lang='lat' dir='ltr'>si</span> <span class='ocrx_word' id='word_1_201' title='bbox 441 987 551 1031; x_wconf 72' lang='lat' dir='ltr'>eclipsis</span> <span class='ocrx_word' id='word_1_202' title='bbox 571 987 620 1018; x_wconf 82' lang='lat' dir='ltr'>illa</span> <span class='ocrx_word' id='word_1_203' title='bbox 636 988 768 1020; x_wconf 82' lang='lat' dir='ltr'>centralis</span> <span class='ocrx_word' id='word_1_204' title='bbox 784 987 878 1020; x_wconf 79' lang='lat' dir='ltr'>fuisset</span> <span class='ocrx_word' id='word_1_205' title='bbox 901 991 931 1019; x_wconf 62' lang='grc' dir='ltr'><strong>ἃ</strong></span> <span class='ocrx_word' id='word_1_206' title='bbox 952 987 1141 1020; x_wconf 82' lang='lat' dir='ltr'>horizontalis</span> <span class='ocrx_word' id='word_1_207' title='bbox 1171 1013 1180 1023; x_wconf 90' lang='lat'><em>‚</em></span> <span class='ocrx_word' id='word_1_208' title='bbox 1208 992 1265 1029; x_wconf 86' lang='lat' dir='ltr'>jam</span> <span class='ocrx_word' id='word_1_209' title='bbox 1291 989 1367 1019; x_wconf 82' lang='lat' dir='ltr'>illius</span> <span class='ocrx_word' id='word_1_210' title='bbox 1387 1001 1518 1020; x_wconf 85' lang='lat' dir='ltr'>centrum</span> 
     </span>
     <span class='ocr_line' id='line_1_22' title="bbox 292 1029 1520 1076; baseline 0.003 -17"><span class='ocrx_word' id='word_1_211' title='bbox 292 1029 371 1072; x_wconf 72' lang='lat' dir='ltr'>litpra</span> <span class='ocrx_word' id='word_1_212' title='bbox 382 1031 564 1062; x_wconf 83' lang='lat' dir='ltr'>horizontem</span> <span class='ocrx_word' id='word_1_213' title='bbox 586 1042 646 1062; x_wconf 88' lang='lat' dir='ltr'>tum</span> <span class='ocrx_word' id='word_1_214' title='bbox 664 1031 803 1063; x_wconf 77' lang='lat' dir='ltr'>sublatum</span> <span class='ocrx_word' id='word_1_215' title='bbox 825 1030 916 1062; x_wconf 85' lang='lat' dir='ltr'>fuisset</span> <span class='ocrx_word' id='word_1_216' title='bbox 935 1034 970 1060; x_wconf 87' lang='lat'>28</span> <span class='ocrx_word' id='word_1_217' title='bbox 1000 1033 1071 1062; x_wconf 89' lang='lat' dir='ltr'>min.</span> <span class='ocrx_word' id='word_1_218' title='bbox 1099 1042 1164 1061; x_wconf 89' lang='lat' dir='ltr'>cum</span> <span class='ocrx_word' id='word_1_219' title='bbox 1185 1041 1314 1063; x_wconf 87' lang='lat' dir='ltr'>centrum</span> <span class='ocrx_word' id='word_1_220' title='bbox 1332 1031 1409 1063; x_wconf 84' lang='lat' dir='ltr'>Solis</span> <span class='ocrx_word' id='word_1_221' title='bbox 1430 1036 1520 1076; x_wconf 84' lang='lat' dir='ltr'>coepit</span> 
     </span>
     <span class='ocr_line' id='line_1_23' title="bbox 292 1073 1518 1118; baseline 0.004 -17"><span class='ocrx_word' id='word_1_222' title='bbox 292 1084 453 1116; x_wconf 85' lang='lat' dir='ltr'>emergere:</span> <span class='ocrx_word' id='word_1_223' title='bbox 478 1085 628 1116; x_wconf 82' lang='lat' dir='ltr'>utrumque</span> <span class='ocrx_word' id='word_1_224' title='bbox 652 1075 724 1105; x_wconf 86' lang='lat' dir='ltr'>adeo</span> <span class='ocrx_word' id='word_1_225' title='bbox 749 1074 887 1105; x_wconf 86' lang='lat' dir='ltr'>luminare</span> <span class='ocrx_word' id='word_1_226' title='bbox 910 1085 980 1118; x_wconf 88' lang='lat' dir='ltr'>pene</span> <span class='ocrx_word' id='word_1_227' title='bbox 1005 1077 1146 1117; x_wconf 78' lang='lat' dir='ltr'>integrum</span> <span class='ocrx_word' id='word_1_228' title='bbox 1161 1073 1242 1116; x_wconf 86' lang='lat' dir='ltr'>supra</span> <span class='ocrx_word' id='word_1_229' title='bbox 1267 1075 1452 1105; x_wconf 85' lang='lat' dir='ltr'>horizontem</span> <span class='ocrx_word' id='word_1_230' title='bbox 1470 1079 1518 1106; x_wconf 91' lang='lat' dir='ltr'>vi-</span> 
     </span>
     <span class='ocr_line' id='line_1_24' title="bbox 290 1115 1234 1160; baseline 0.002 -16"><span class='ocrx_word' id='word_1_231' title='bbox 290 1115 352 1145; x_wconf 88' lang='lat' dir='ltr'>deri</span> <span class='ocrx_word' id='word_1_232' title='bbox 375 1115 526 1159; x_wconf 72' lang='lat' dir='ltr'>potuisset,</span> <span class='ocrx_word' id='word_1_233' title='bbox 552 1116 603 1147; x_wconf 79' lang='lat' dir='ltr'>nili</span> <span class='ocrx_word' id='word_1_234' title='bbox 615 1117 685 1160; x_wconf 86' lang='lat' dir='ltr'>quid</span> <span class='ocrx_word' id='word_1_235' title='bbox 708 1117 784 1148; x_wconf 91' lang='lat' dir='ltr'>aliud</span> <span class='ocrx_word' id='word_1_236' title='bbox 801 1120 910 1148; x_wconf 87' lang='lat' dir='ltr'>Lunam</span> <span class='ocrx_word' id='word_1_237' title='bbox 940 1117 1030 1148; x_wconf 85' lang='lat' dir='ltr'>oculis</span> <span class='ocrx_word' id='word_1_238' title='bbox 1053 1116 1234 1147; x_wconf 79' lang='lat' dir='ltr'>subduxislet.</span> 
     </span>
    </p>

    <p class='ocr_par' dir='ltr' id='par_1_5' title="bbox 290 1158 1517 1290">
     <span class='ocr_line' id='line_1_25' title="bbox 322 1158 1517 1202; baseline 0.003 -13"><span class='ocrx_word' id='word_1_239' title='bbox 322 1159 450 1190; x_wconf 81' lang='lat' dir='ltr'>Eandem</span> <span class='ocrx_word' id='word_1_240' title='bbox 474 1158 600 1202; x_wconf 76' lang='lat' dir='ltr'>eclipsim</span> <span class='ocrx_word' id='word_1_241' title='bbox 624 1162 667 1191; x_wconf 91' lang='lat' dir='ltr'>D.</span> <span class='ocrx_word' id='word_1_242' title='bbox 688 1158 797 1191; x_wconf 84' lang='lat' dir='ltr'>Caffini</span> <span class='ocrx_word' id='word_1_243' title='bbox 812 1182 821 1195; x_wconf 93' lang='lat'><em>‚</em></span> <span class='ocrx_word' id='word_1_244' title='bbox 837 1163 879 1190; x_wconf 91' lang='lat' dir='ltr'>uti</span> <span class='ocrx_word' id='word_1_245' title='bbox 893 1170 974 1190; x_wconf 85' lang='lat' dir='ltr'>antea</span> <span class='ocrx_word' id='word_1_246' title='bbox 989 1171 1023 1190; x_wconf 85' lang='lat' dir='ltr'>ex</span> <span class='ocrx_word' id='word_1_247' title='bbox 1045 1159 1181 1190; x_wconf 64' lang='lat' dir='ltr'>condicto</span> <span class='ocrx_word' id='word_1_248' title='bbox 1201 1170 1375 1191; x_wconf 87' lang='lat' dir='ltr'>convenerat</span> <span class='ocrx_word' id='word_1_249' title='bbox 1389 1182 1398 1195; x_wconf 90' lang='lat'><em>‚</em></span> <span class='ocrx_word' id='word_1_250' title='bbox 1412 1162 1517 1192; x_wconf 74' lang='lat' dir='ltr'>Romae</span> 
     </span>
     <span class='ocr_line' id='line_1_26' title="bbox 290 1201 1517 1245; baseline 0.003 -14"><span class='ocrx_word' id='word_1_251' title='bbox 290 1201 464 1234; x_wconf 81' lang='lat' dir='ltr'>observavit.</span> <span class='ocrx_word' id='word_1_252' title='bbox 485 1203 583 1245; x_wconf 85' lang='lat' dir='ltr'>Atque</span> <span class='ocrx_word' id='word_1_253' title='bbox 603 1214 636 1233; x_wconf 83' lang='lat' dir='ltr'>ex</span> <span class='ocrx_word' id='word_1_254' title='bbox 649 1202 759 1235; x_wconf 84' lang='lat' dir='ltr'>collatis</span> <span class='ocrx_word' id='word_1_255' title='bbox 774 1202 1022 1234; x_wconf 84' lang='lat' dir='ltr'>observationibus</span> <span class='ocrx_word' id='word_1_256' title='bbox 1034 1202 1195 1234; x_wconf 80' lang='lat' dir='ltr'>differentia</span> <span class='ocrx_word' id='word_1_257' title='bbox 1211 1203 1441 1234; x_wconf 69' lang='lat' dir='ltr'>Meridianorum</span> <span class='ocrx_word' id='word_1_258' title='bbox 1455 1205 1517 1235; x_wconf 85' lang='lat' dir='ltr'>Ro-</span> 
     </span>
     <span class='ocr_line' id='line_1_27' title="bbox 291 1245 1517 1290; baseline 0.002 -16"><span class='ocrx_word' id='word_1_259' title='bbox 291 1256 368 1275; x_wconf 82' lang='lat' dir='ltr'>mam</span> <span class='ocrx_word' id='word_1_260' title='bbox 390 1249 463 1276; x_wconf 85' lang='lat' dir='ltr'>inter</span> <span class='ocrx_word' id='word_1_261' title='bbox 483 1250 514 1277; x_wconf 67' lang='grc' dir='ltr'>δε</span> <span class='ocrx_word' id='word_1_262' title='bbox 542 1248 683 1277; x_wconf 86' lang='lat' dir='ltr'>Lutetiam</span> <span class='ocrx_word' id='word_1_263' title='bbox 703 1246 756 1278; x_wconf 87' lang='lat' dir='ltr'>fuit</span> <span class='ocrx_word' id='word_1_264' title='bbox 782 1246 932 1277; x_wconf 85' lang='lat' dir='ltr'>constituta</span> <span class='ocrx_word' id='word_1_265' title='bbox 952 1259 958 1277; x_wconf 91' lang='lat'><strong>:</strong></span> <span class='ocrx_word' id='word_1_266' title='bbox 983 1257 1044 1289; x_wconf 78' lang='lat' dir='ltr'>qua:</span> <span class='ocrx_word' id='word_1_267' title='bbox 1068 1245 1162 1290; x_wconf 84' lang='lat' dir='ltr'>postea</span> <span class='ocrx_word' id='word_1_268' title='bbox 1185 1245 1200 1275; x_wconf 86' lang='grc' dir='ltr'>ὲ</span> <span class='ocrx_word' id='word_1_269' title='bbox 1237 1245 1402 1277; x_wconf 85' lang='lat' dir='ltr'>satellitibus</span> <span class='ocrx_word' id='word_1_270' title='bbox 1434 1248 1517 1290; x_wconf 85' lang='lat' dir='ltr'>Jovis</span> 
     </span>
    </p>
   </div>
   <div class='ocr_carea' id='block_1_2' title="bbox 281 1287 1516 2151">
    <p class='ocr_par' dir='ltr' id='par_1_6' title="bbox 291 1287 674 1320">
     <span class='ocr_line' id='line_1_28' title="bbox 291 1287 674 1320; baseline 0.01 -4"><span class='ocrx_word' id='word_1_271' title='bbox 291 1291 445 1319; x_wconf 75' lang='lat' dir='ltr'>accuratius</span> <span class='ocrx_word' id='word_1_272' title='bbox 468 1288 522 1320; x_wconf 88' lang='lat' dir='ltr'>fuit</span> <span class='ocrx_word' id='word_1_273' title='bbox 545 1287 674 1320; x_wconf 82' lang='lat' dir='ltr'>definita.</span> 
     </span>
    </p>

    <p class='ocr_par' dir='ltr' id='par_1_7' title="bbox 284 1330 1516 1935">
     <span class='ocr_line' id='line_1_29' title="bbox 328 1330 1516 1375; baseline 0.003 -15"><span class='ocrx_word' id='word_1_274' title='bbox 328 1333 384 1361; x_wconf 78' lang='lat'>111.</span> <span class='ocrx_word' id='word_1_275' title='bbox 409 1331 469 1362; x_wconf 89' lang='lat' dir='ltr'>Sub</span> <span class='ocrx_word' id='word_1_276' title='bbox 485 1331 561 1362; x_wconf 88' lang='lat' dir='ltr'>idem</span> <span class='ocrx_word' id='word_1_277' title='bbox 586 1341 698 1375; x_wconf 83' lang='lat' dir='ltr'>tempus</span> <span class='ocrx_word' id='word_1_278' title='bbox 711 1330 757 1362; x_wconf 90' lang='lat' dir='ltr'>die</span> <span class='ocrx_word' id='word_1_279' title='bbox 780 1333 916 1362; x_wconf 87' lang='lat' dir='ltr'>nimirum</span> <span class='ocrx_word' id='word_1_280' title='bbox 936 1330 1073 1362; x_wconf 81' lang='lat' dir='ltr'>tricesima</span> <span class='ocrx_word' id='word_1_281' title='bbox 1096 1334 1171 1363; x_wconf 83' lang='lat' dir='ltr'>Maii</span> <span class='ocrx_word' id='word_1_282' title='bbox 1187 1333 1228 1362; x_wconf 96' lang='lat' dir='ltr'>D.</span> <span class='ocrx_word' id='word_1_283' title='bbox 1249 1331 1372 1362; x_wconf 88' lang='lat' dir='ltr'>Colbert</span> <span class='ocrx_word' id='word_1_284' title='bbox 1393 1344 1426 1364; x_wconf 86' lang='lat' dir='ltr'>ex</span> <span class='ocrx_word' id='word_1_285' title='bbox 1442 1333 1516 1364; x_wconf 81' lang='lat' dir='ltr'>Aca-</span> 
     </span>
     <span class='ocr_line' id='line_1_30' title="bbox 289 1373 1515 1417; baseline 0.004 -14"><span class='ocrx_word' id='word_1_286' title='bbox 289 1373 384 1404; x_wconf 85' lang='lat' dir='ltr'>demia</span> <span class='ocrx_word' id='word_1_287' title='bbox 403 1375 444 1405; x_wconf 93' lang='lat' dir='ltr'>D.</span> <span class='ocrx_word' id='word_1_288' title='bbox 459 1375 500 1406; x_wconf 94' lang='lat' dir='ltr'>D.</span> <span class='ocrx_word' id='word_1_289' title='bbox 519 1374 554 1405; x_wconf 89' lang='lat' dir='ltr'>de</span> <span class='ocrx_word' id='word_1_290' title='bbox 573 1375 695 1406; x_wconf 83' lang='lat' dir='ltr'>Carcavi</span> <span class='ocrx_word' id='word_1_291' title='bbox 708 1400 717 1414; x_wconf 92' lang='lat'>‚</span> <span class='ocrx_word' id='word_1_292' title='bbox 738 1376 859 1417; x_wconf 82' lang='lat' dir='ltr'>Hugcns</span> <span class='ocrx_word' id='word_1_293' title='bbox 871 1396 881 1410; x_wconf 89' lang='lat'><em>‚</em></span> <span class='ocrx_word' id='word_1_294' title='bbox 901 1374 938 1404; x_wconf 91' lang='lat' dir='ltr'>de</span> <span class='ocrx_word' id='word_1_295' title='bbox 954 1373 1101 1405; x_wconf 80' lang='lat' dir='ltr'>Roberval</span> <span class='ocrx_word' id='word_1_296' title='bbox 1114 1397 1122 1410; x_wconf 88' lang='lat'>,</span> <span class='ocrx_word' id='word_1_297' title='bbox 1154 1377 1270 1405; x_wconf 75' lang='lat' dir='ltr'>Auzout</span> <span class='ocrx_word' id='word_1_298' title='bbox 1282 1397 1291 1409; x_wconf 92' lang='lat'><em>,</em></span> <span class='ocrx_word' id='word_1_299' title='bbox 1309 1375 1429 1411; x_wconf 87' lang='lat' dir='ltr'>Picard,</span> <span class='ocrx_word' id='word_1_300' title='bbox 1449 1387 1515 1408; x_wconf 89' lang='lat' dir='ltr'>cum</span> 
     </span>
     <span class='ocr_line' id='line_1_31' title="bbox 292 1416 1515 1460; baseline 0.002 -13"><span class='ocrx_word' id='word_1_301' title='bbox 292 1417 426 1448; x_wconf 83' lang='lat' dir='ltr'>Domino</span> <span class='ocrx_word' id='word_1_302' title='bbox 440 1416 561 1459; x_wconf 84' lang='lat' dir='ltr'>Galloys</span> <span class='ocrx_word' id='word_1_303' title='bbox 572 1440 582 1454; x_wconf 91' lang='lat'><em>‚</em></span> <span class='ocrx_word' id='word_1_304' title='bbox 594 1421 643 1460; x_wconf 90' lang='lat' dir='ltr'>qui</span> <span class='ocrx_word' id='word_1_305' title='bbox 654 1429 714 1448; x_wconf 89' lang='lat' dir='ltr'>tum</span> <span class='ocrx_word' id='word_1_306' title='bbox 726 1428 796 1453; x_wconf 86' lang='lat' dir='ltr'>etat,</span> <span class='ocrx_word' id='word_1_307' title='bbox 809 1417 825 1447; x_wconf 73' lang='grc' dir='ltr'>ὲ</span> <span class='ocrx_word' id='word_1_308' title='bbox 840 1418 1067 1449; x_wconf 79' lang='lat' dir='ltr'>Commentariis</span> <span class='ocrx_word' id='word_1_309' title='bbox 1076 1429 1123 1448; x_wconf 81' lang='lat' dir='ltr'>aut</span> <span class='ocrx_word' id='word_1_310' title='bbox 1138 1419 1320 1453; x_wconf 70' lang='lat' dir='ltr'>secretarius,</span> <span class='ocrx_word' id='word_1_311' title='bbox 1337 1423 1421 1457; x_wconf 87' lang='lat' dir='ltr'>(tum</span> <span class='ocrx_word' id='word_1_312' title='bbox 1437 1423 1515 1450; x_wconf 86' lang='lat' dir='ltr'>enim</span> 
     </span>
     <span class='ocr_line' id='line_1_32' title="bbox 290 1459 1514 1505; baseline 0.002 -15"><span class='ocrx_word' id='word_1_313' title='bbox 290 1459 436 1500; x_wconf 52' lang='lat' dir='ltr'>prefectus</span> <span class='ocrx_word' id='word_1_314' title='bbox 466 1472 543 1492; x_wconf 83' lang='lat' dir='ltr'>eram</span> <span class='ocrx_word' id='word_1_315' title='bbox 567 1460 776 1505; x_wconf 81' lang='lat' dir='ltr'>Aquisgranum</span> <span class='ocrx_word' id='word_1_316' title='bbox 792 1482 803 1496; x_wconf 92' lang='lat'>‚</span> <span class='ocrx_word' id='word_1_317' title='bbox 828 1463 855 1491; x_wconf 89' lang='lat' dir='ltr'>in</span> <span class='ocrx_word' id='word_1_318' title='bbox 882 1464 1019 1491; x_wconf 79' lang='lat' dir='ltr'>comitatu</span> <span class='ocrx_word' id='word_1_319' title='bbox 1042 1460 1165 1492; x_wconf 77' lang='lat' dir='ltr'>illustris.</span> <span class='ocrx_word' id='word_1_320' title='bbox 1183 1464 1247 1492; x_wconf 86' lang='lat' dir='ltr'>Viti</span> <span class='ocrx_word' id='word_1_321' title='bbox 1274 1461 1315 1491; x_wconf 93' lang='lat' dir='ltr'>D.</span> <span class='ocrx_word' id='word_1_322' title='bbox 1346 1461 1381 1491; x_wconf 91' lang='lat' dir='ltr'>de</span> <span class='ocrx_word' id='word_1_323' title='bbox 1400 1462 1514 1504; x_wconf 81' lang='lat' dir='ltr'>Croiffy</span> 
     </span>
     <span class='ocr_line' id='line_1_33' title="bbox 292 1502 1513 1547; baseline 0.003 -15"><span class='ocrx_word' id='word_1_324' title='bbox 292 1505 390 1545; x_wconf 78' lang='lat' dir='ltr'>Legati</span> <span class='ocrx_word' id='word_1_325' title='bbox 413 1507 444 1535; x_wconf 69' lang='grc' dir='ltr'>δε</span> <span class='ocrx_word' id='word_1_326' title='bbox 467 1503 714 1547; x_wconf 75' lang='lat' dir='ltr'>plenipotentiatii</span> <span class='ocrx_word' id='word_1_327' title='bbox 742 1504 830 1546; x_wconf 83' lang='lat' dir='ltr'>Regis</span> <span class='ocrx_word' id='word_1_328' title='bbox 856 1502 1113 1541; x_wconf 80' lang='lat' dir='ltr'>Christianiffimi)</span> <span class='ocrx_word' id='word_1_329' title='bbox 1144 1508 1173 1535; x_wconf 88' lang='lat' dir='ltr'>in</span> <span class='ocrx_word' id='word_1_330' title='bbox 1202 1503 1281 1534; x_wconf 87' lang='lat' dir='ltr'>suam</span> <span class='ocrx_word' id='word_1_331' title='bbox 1304 1502 1513 1536; x_wconf 86' lang='lat' dir='ltr'>Bibliothecam</span> 
     </span>
     <span class='ocr_line' id='line_1_34' title="bbox 288 1544 1514 1590; baseline 0.003 -15"><span class='ocrx_word' id='word_1_332' title='bbox 288 1545 448 1582; x_wconf 70' lang='lat' dir='ltr'>mersum,</span> <span class='ocrx_word' id='word_1_333' title='bbox 463 1558 520 1589; x_wconf 88' lang='lat' dir='ltr'>quo</span> <span class='ocrx_word' id='word_1_334' title='bbox 535 1548 580 1579; x_wconf 91' lang='lat' dir='ltr'>D.</span> <span class='ocrx_word' id='word_1_335' title='bbox 598 1547 649 1577; x_wconf 91' lang='lat' dir='ltr'>Du</span> <span class='ocrx_word' id='word_1_336' title='bbox 662 1545 777 1587; x_wconf 86' lang='lat' dir='ltr'>Qesnc</span> <span class='ocrx_word' id='word_1_337' title='bbox 794 1548 891 1590; x_wconf 78' lang='lat' dir='ltr'>Regia:</span> <span class='ocrx_word' id='word_1_338' title='bbox 904 1544 1006 1576; x_wconf 60' lang='lat' dir='ltr'>Clanis</span> <span class='ocrx_word' id='word_1_339' title='bbox 1017 1549 1137 1589; x_wconf 73' lang='lat' dir='ltr'>Legatus</span> <span class='ocrx_word' id='word_1_340' title='bbox 1158 1548 1249 1578; x_wconf 86' lang='lat' dir='ltr'>statim</span> <span class='ocrx_word' id='word_1_341' title='bbox 1261 1545 1319 1576; x_wconf 64' lang='lat' dir='ltr'>una</span> <span class='ocrx_word' id='word_1_342' title='bbox 1340 1558 1405 1577; x_wconf 92' lang='lat' dir='ltr'>cum</span> <span class='ocrx_word' id='word_1_343' title='bbox 1421 1546 1514 1579; x_wconf 90' lang='lat' dir='ltr'>nobili</span> 
     </span>
     <span class='ocr_line' id='line_1_35' title="bbox 290 1588 1514 1633; baseline 0.003 -16"><span class='ocrx_word' id='word_1_344' title='bbox 290 1590 437 1620; x_wconf 79' lang='lat' dir='ltr'>Germano</span> <span class='ocrx_word' id='word_1_345' title='bbox 460 1590 532 1620; x_wconf 85' lang='lat' dir='ltr'>olim</span> <span class='ocrx_word' id='word_1_346' title='bbox 543 1593 572 1621; x_wconf 90' lang='lat' dir='ltr'>in</span> <span class='ocrx_word' id='word_1_347' title='bbox 597 1591 697 1621; x_wconf 85' lang='lat' dir='ltr'>Sueeia</span> <span class='ocrx_word' id='word_1_348' title='bbox 716 1588 850 1620; x_wconf 85' lang='lat' dir='ltr'>Tribuno</span> <span class='ocrx_word' id='word_1_349' title='bbox 863 1590 989 1620; x_wconf 87' lang='lat' dir='ltr'>rnilitum</span> <span class='ocrx_word' id='word_1_350' title='bbox 1015 1588 1040 1619; x_wconf 88' lang='lat' dir='ltr'>se</span> <span class='ocrx_word' id='word_1_351' title='bbox 1057 1589 1223 1620; x_wconf 80' lang='lat' dir='ltr'>contulerat.</span> <span class='ocrx_word' id='word_1_352' title='bbox 1240 1591 1298 1620; x_wconf 84' lang='lat' dir='ltr'>Hic</span> <span class='ocrx_word' id='word_1_353' title='bbox 1323 1593 1514 1633; x_wconf 83' lang='lat' dir='ltr'>excogitatam</span> 
     </span>
     <span class='ocr_line' id='line_1_36' title="bbox 288 1630 1514 1674; baseline 0.002 -15"><span class='ocrx_word' id='word_1_354' title='bbox 288 1630 302 1659; x_wconf 72' lang='lat' dir='ltr'>a</span> <span class='ocrx_word' id='word_1_355' title='bbox 328 1631 354 1661; x_wconf 89' lang='lat' dir='ltr'>se</span> <span class='ocrx_word' id='word_1_356' title='bbox 381 1634 520 1663; x_wconf 83' lang='lat' dir='ltr'>rationem</span> <span class='ocrx_word' id='word_1_357' title='bbox 534 1643 640 1664; x_wconf 81' lang='lat' dir='ltr'>certam</span> <span class='ocrx_word' id='word_1_358' title='bbox 658 1636 688 1664; x_wconf 88' lang='lat'>&amp;</span> <span class='ocrx_word' id='word_1_359' title='bbox 711 1631 825 1663; x_wconf 83' lang='lat' dir='ltr'>facilem</span> <span class='ocrx_word' id='word_1_360' title='bbox 847 1631 984 1674; x_wconf 82' lang='lat' dir='ltr'>cujusque</span> <span class='ocrx_word' id='word_1_361' title='bbox 1008 1630 1062 1662; x_wconf 85' lang='lat' dir='ltr'>loci</span> <span class='ocrx_word' id='word_1_362' title='bbox 1080 1636 1108 1662; x_wconf 93' lang='lat' dir='ltr'>in</span> <span class='ocrx_word' id='word_1_363' title='bbox 1134 1635 1204 1663; x_wconf 84' lang='lat' dir='ltr'>mati</span> <span class='ocrx_word' id='word_1_364' title='bbox 1221 1632 1410 1674; x_wconf 84' lang='lat' dir='ltr'>longitudinis</span> <span class='ocrx_word' id='word_1_365' title='bbox 1428 1636 1514 1664; x_wconf 85' lang='lat' dir='ltr'>inve-</span> 
     </span>
     <span class='ocr_line' id='line_1_37' title="bbox 286 1673 1514 1719; baseline 0.004 -17"><span class='ocrx_word' id='word_1_366' title='bbox 286 1675 397 1705; x_wconf 75' lang='lat' dir='ltr'>niendae</span> <span class='ocrx_word' id='word_1_367' title='bbox 416 1676 576 1719; x_wconf 81' lang='lat' dir='ltr'>proposuit.</span> <span class='ocrx_word' id='word_1_368' title='bbox 600 1678 696 1718; x_wconf 79' lang='lat' dir='ltr'>Atque</span> <span class='ocrx_word' id='word_1_369' title='bbox 710 1674 783 1709; x_wconf 84' lang='lat' dir='ltr'>illud</span> <span class='ocrx_word' id='word_1_370' title='bbox 802 1675 911 1705; x_wconf 87' lang='lat' dir='ltr'>tamdiu</span> <span class='ocrx_word' id='word_1_371' title='bbox 923 1673 1070 1718; x_wconf 74' lang='lat' dir='ltr'>quasitum</span> <span class='ocrx_word' id='word_1_372' title='bbox 1088 1678 1117 1706; x_wconf 57' lang='grc' dir='ltr'><strong>ἃ</strong></span> <span class='ocrx_word' id='word_1_373' title='bbox 1140 1678 1318 1718; x_wconf 85' lang='lat' dir='ltr'>navigationi</span> <span class='ocrx_word' id='word_1_374' title='bbox 1333 1675 1452 1718; x_wconf 82' lang='lat' dir='ltr'>perutile</span> <span class='ocrx_word' id='word_1_375' title='bbox 1469 1688 1514 1708; x_wconf 79' lang='lat' dir='ltr'>ar-</span> 
     </span>
     <span class='ocr_line' id='line_1_38' title="bbox 284 1718 1514 1762; baseline 0.003 -16"><span class='ocrx_word' id='word_1_376' title='bbox 284 1728 387 1748; x_wconf 85' lang='lat' dir='ltr'>canum</span> <span class='ocrx_word' id='word_1_377' title='bbox 406 1719 433 1749; x_wconf 89' lang='lat' dir='ltr'>se</span> <span class='ocrx_word' id='word_1_378' title='bbox 450 1723 487 1750; x_wconf 90' lang='lat' dir='ltr'>ita</span> <span class='ocrx_word' id='word_1_379' title='bbox 502 1719 760 1751; x_wconf 82' lang='lat' dir='ltr'>demonstraturum</span> <span class='ocrx_word' id='word_1_380' title='bbox 786 1729 942 1762; x_wconf 84' lang='lat' dir='ltr'>receperat,</span> <span class='ocrx_word' id='word_1_381' title='bbox 971 1729 1000 1748; x_wconf 91' lang='lat' dir='ltr'>vt</span> <span class='ocrx_word' id='word_1_382' title='bbox 1022 1729 1084 1760; x_wconf 77' lang='lat' dir='ltr'>quae</span> <span class='ocrx_word' id='word_1_383' title='bbox 1110 1729 1210 1749; x_wconf 86' lang='lat' dir='ltr'>contra</span> <span class='ocrx_word' id='word_1_384' title='bbox 1226 1729 1458 1762; x_wconf 69' lang='lat' dir='ltr'>opponerentur,</span> <span class='ocrx_word' id='word_1_385' title='bbox 1472 1718 1514 1750; x_wconf 83' lang='lat' dir='ltr'>fa-</span> 
     </span>
     <span class='ocr_line' id='line_1_39' title="bbox 284 1760 1512 1797; baseline 0.002 -7"><span class='ocrx_word' id='word_1_386' title='bbox 284 1761 338 1791; x_wconf 77' lang='lat' dir='ltr'>cile</span> <span class='ocrx_word' id='word_1_387' title='bbox 361 1761 492 1795; x_wconf 89' lang='lat' dir='ltr'>dilueret.</span> <span class='ocrx_word' id='word_1_388' title='bbox 511 1763 623 1793; x_wconf 85' lang='lat' dir='ltr'>Postera</span> <span class='ocrx_word' id='word_1_389' title='bbox 643 1762 690 1793; x_wconf 88' lang='lat' dir='ltr'>die</span> <span class='ocrx_word' id='word_1_390' title='bbox 709 1772 810 1793; x_wconf 89' lang='lat' dir='ltr'>omnes</span> <span class='ocrx_word' id='word_1_391' title='bbox 825 1763 854 1792; x_wconf 90' lang='lat' dir='ltr'>in</span> <span class='ocrx_word' id='word_1_392' title='bbox 879 1760 1000 1792; x_wconf 85' lang='lat' dir='ltr'>eundem</span> <span class='ocrx_word' id='word_1_393' title='bbox 1027 1762 1122 1792; x_wconf 88' lang='lat' dir='ltr'>locum</span> <span class='ocrx_word' id='word_1_394' title='bbox 1142 1772 1300 1797; x_wconf 57' lang='lat' dir='ltr'>conveneffe</span> <span class='ocrx_word' id='word_1_395' title='bbox 1317 1774 1324 1792; x_wconf 92' lang='lat'><strong>:</strong></span> <span class='ocrx_word' id='word_1_396' title='bbox 1348 1760 1416 1791; x_wconf 79' lang='lat' dir='ltr'>duas</span> <span class='ocrx_word' id='word_1_397' title='bbox 1439 1763 1512 1792; x_wconf 87' lang='lat' dir='ltr'>hanc</span> 
     </span>
     <span class='ocr_line' id='line_1_40' title="bbox 285 1803 1513 1847; baseline 0.003 -15"><span class='ocrx_word' id='word_1_398' title='bbox 285 1806 312 1832; x_wconf 85' lang='lat' dir='ltr'>in</span> <span class='ocrx_word' id='word_1_399' title='bbox 339 1815 398 1834; x_wconf 88' lang='lat' dir='ltr'>rem</span> <span class='ocrx_word' id='word_1_400' title='bbox 423 1805 570 1836; x_wconf 80' lang='lat' dir='ltr'>machinas</span> <span class='ocrx_word' id='word_1_401' title='bbox 592 1804 723 1836; x_wconf 84' lang='lat' dir='ltr'>exhibuit</span> <span class='ocrx_word' id='word_1_402' title='bbox 739 1827 748 1840; x_wconf 93' lang='lat'><em>,</em></span> <span class='ocrx_word' id='word_1_403' title='bbox 780 1803 884 1847; x_wconf 80' lang='lat' dir='ltr'>quibus</span> <span class='ocrx_word' id='word_1_404' title='bbox 906 1803 1100 1846; x_wconf 85' lang='lat' dir='ltr'>longitudines</span> <span class='ocrx_word' id='word_1_405' title='bbox 1122 1804 1251 1834; x_wconf 87' lang='lat' dir='ltr'>locorum</span> <span class='ocrx_word' id='word_1_406' title='bbox 1275 1804 1355 1834; x_wconf 69' lang='lat' dir='ltr'>certo</span> <span class='ocrx_word' id='word_1_407' title='bbox 1381 1803 1513 1847; x_wconf 76' lang='lat' dir='ltr'>dignosci</span> 
     </span>
     <span class='ocr_line' id='line_1_41' title="bbox 284 1846 1512 1891; baseline 0.002 -15"><span class='ocrx_word' id='word_1_408' title='bbox 284 1846 395 1888; x_wconf 71' lang='lat' dir='ltr'>possent</span> <span class='ocrx_word' id='word_1_409' title='bbox 408 1870 418 1883; x_wconf 85' lang='lat'>‚</span> <span class='ocrx_word' id='word_1_410' title='bbox 439 1859 536 1879; x_wconf 85' lang='lat' dir='ltr'>earum</span> <span class='ocrx_word' id='word_1_411' title='bbox 559 1848 642 1879; x_wconf 85' lang='lat' dir='ltr'>usum</span> <span class='ocrx_word' id='word_1_412' title='bbox 661 1848 770 1890; x_wconf 87' lang='lat' dir='ltr'>seriptis</span> <span class='ocrx_word' id='word_1_413' title='bbox 794 1847 951 1891; x_wconf 79' lang='lat' dir='ltr'>expolitum</span> <span class='ocrx_word' id='word_1_414' title='bbox 971 1848 1092 1878; x_wconf 86' lang='lat' dir='ltr'>domino</span> <span class='ocrx_word' id='word_1_415' title='bbox 1112 1846 1232 1888; x_wconf 84' lang='lat' dir='ltr'>Calloys</span> <span class='ocrx_word' id='word_1_416' title='bbox 1254 1847 1371 1878; x_wconf 79' lang='lat' dir='ltr'>tradidit</span> <span class='ocrx_word' id='word_1_417' title='bbox 1387 1869 1396 1882; x_wconf 94' lang='lat'><em>,</em></span> <span class='ocrx_word' id='word_1_418' title='bbox 1413 1859 1444 1878; x_wconf 90' lang='lat' dir='ltr'>ut</span> <span class='ocrx_word' id='word_1_419' title='bbox 1475 1847 1512 1879; x_wconf 90' lang='lat' dir='ltr'>ab</span> 
     </span>
     <span class='ocr_line' id='line_1_42' title="bbox 285 1889 1273 1935; baseline 0.003 -17"><span class='ocrx_word' id='word_1_420' title='bbox 285 1891 317 1919; x_wconf 82' lang='lat' dir='ltr'>iis</span> <span class='ocrx_word' id='word_1_421' title='bbox 339 1894 388 1935; x_wconf 82' lang='lat' dir='ltr'>qui</span> <span class='ocrx_word' id='word_1_422' title='bbox 407 1891 473 1922; x_wconf 87' lang='lat' dir='ltr'>huic</span> <span class='ocrx_word' id='word_1_423' title='bbox 500 1895 539 1922; x_wconf 87' lang='lat' dir='ltr'>rei</span> <span class='ocrx_word' id='word_1_424' title='bbox 558 1890 764 1934; x_wconf 80' lang='lat' dir='ltr'>cognoscendae</span> <span class='ocrx_word' id='word_1_425' title='bbox 777 1902 855 1921; x_wconf 82' lang='lat' dir='ltr'>erant</span> <span class='ocrx_word' id='word_1_426' title='bbox 871 1889 1010 1933; x_wconf 77' lang='lat' dir='ltr'>praepostti</span> <span class='ocrx_word' id='word_1_427' title='bbox 1025 1912 1034 1926; x_wconf 94' lang='lat'>,</span> <span class='ocrx_word' id='word_1_428' title='bbox 1060 1890 1273 1934; x_wconf 82' lang='lat' dir='ltr'>expenderetur.</span> 
     </span>
    </p>

    <p class='ocr_par' dir='ltr' id='par_1_8' title="bbox 281 1932 1511 2151">
     <span class='ocr_line' id='line_1_43' title="bbox 324 1932 1511 1978; baseline 0.002 -15"><span class='ocrx_word' id='word_1_429' title='bbox 324 1935 358 1963; x_wconf 92' lang='lat' dir='ltr'>In</span> <span class='ocrx_word' id='word_1_430' title='bbox 375 1935 429 1965; x_wconf 91' lang='lat' dir='ltr'>hoc</span> <span class='ocrx_word' id='word_1_431' title='bbox 447 1934 570 1978; x_wconf 79' lang='lat' dir='ltr'>positum</span> <span class='ocrx_word' id='word_1_432' title='bbox 591 1945 652 1966; x_wconf 80' lang='lat' dir='ltr'>erat</span> <span class='ocrx_word' id='word_1_433' title='bbox 666 1933 774 1965; x_wconf 82' lang='lat' dir='ltr'>nobilis</span> <span class='ocrx_word' id='word_1_434' title='bbox 792 1933 867 1964; x_wconf 81' lang='lat' dir='ltr'>illius</span> <span class='ocrx_word' id='word_1_435' title='bbox 887 1936 1025 1965; x_wconf 73' lang='lat' dir='ltr'>Germani</span> <span class='ocrx_word' id='word_1_436' title='bbox 1049 1935 1200 1964; x_wconf 82' lang='lat' dir='ltr'>inventum</span> <span class='ocrx_word' id='word_1_437' title='bbox 1217 1955 1226 1968; x_wconf 90' lang='lat'><strong><em>,</em></strong></span> <span class='ocrx_word' id='word_1_438' title='bbox 1256 1945 1285 1965; x_wconf 82' lang='lat' dir='ltr'>ut</span> <span class='ocrx_word' id='word_1_439' title='bbox 1302 1932 1468 1964; x_wconf 61' lang='lat' dir='ltr'>confestum</span> <span class='ocrx_word' id='word_1_440' title='bbox 1494 1933 1511 1965; x_wconf 65' lang='grc' dir='ltr'>ἃ</span> 
     </span>
     <span class='ocr_line' id='line_1_44' title="bbox 283 1975 1511 2021; baseline 0.001 -16"><span class='ocrx_word' id='word_1_441' title='bbox 283 1979 372 2013; x_wconf 87' lang='lat' dir='ltr'>navi,</span> <span class='ocrx_word' id='word_1_442' title='bbox 396 1979 426 2007; x_wconf 85' lang='lat' dir='ltr'>in</span> <span class='ocrx_word' id='word_1_443' title='bbox 447 1989 658 2021; x_wconf 88' lang='lat' dir='ltr'>quamcumque</span> <span class='ocrx_word' id='word_1_444' title='bbox 678 1988 787 2019; x_wconf 85' lang='lat' dir='ltr'>partem</span> <span class='ocrx_word' id='word_1_445' title='bbox 807 1976 862 2007; x_wconf 86' lang='lat' dir='ltr'>lata</span> <span class='ocrx_word' id='word_1_446' title='bbox 881 1977 1059 2020; x_wconf 62' lang='lat' dir='ltr'>perspectum</span> <span class='ocrx_word' id='word_1_447' title='bbox 1077 1979 1129 2007; x_wconf 87' lang='lat' dir='ltr'>iter</span> <span class='ocrx_word' id='word_1_448' title='bbox 1152 1976 1313 2009; x_wconf 77' lang='lat' dir='ltr'>haberetur.</span> <span class='ocrx_word' id='word_1_449' title='bbox 1335 1975 1461 2008; x_wconf 76' lang='lat' dir='ltr'>Trabem</span> <span class='ocrx_word' id='word_1_450' title='bbox 1475 1975 1511 2006; x_wconf 81' lang='lat' dir='ltr'>il·</span> 
     </span>
     <span class='ocr_line' id='line_1_45' title="bbox 282 2018 1511 2064; baseline 0 -16"><span class='ocrx_word' id='word_1_451' title='bbox 282 2018 358 2055; x_wconf 83' lang='lat' dir='ltr'>lam,</span> <span class='ocrx_word' id='word_1_452' title='bbox 379 2023 424 2051; x_wconf 87' lang='lat' dir='ltr'>cui</span> <span class='ocrx_word' id='word_1_453' title='bbox 449 2022 533 2052; x_wconf 86' lang='lat' dir='ltr'>instar</span> <span class='ocrx_word' id='word_1_454' title='bbox 554 2020 640 2064; x_wconf 83' lang='lat' dir='ltr'>spina:</span> <span class='ocrx_word' id='word_1_455' title='bbox 663 2019 738 2050; x_wconf 75' lang='lat' dir='ltr'>dorsi</span> <span class='ocrx_word' id='word_1_456' title='bbox 766 2023 860 2052; x_wconf 85' lang='lat' dir='ltr'>carina</span> <span class='ocrx_word' id='word_1_457' title='bbox 883 2023 961 2051; x_wconf 85' lang='lat' dir='ltr'>navis</span> <span class='ocrx_word' id='word_1_458' title='bbox 986 2020 1113 2050; x_wconf 83' lang='lat' dir='ltr'>conserta</span> <span class='ocrx_word' id='word_1_459' title='bbox 1135 2020 1193 2054; x_wconf 79' lang='lat' dir='ltr'>est,</span> <span class='ocrx_word' id='word_1_460' title='bbox 1218 2031 1337 2062; x_wconf 69' lang='lat' dir='ltr'>qua-que</span> <span class='ocrx_word' id='word_1_461' title='bbox 1358 2019 1447 2063; x_wconf 79' lang='lat' dir='ltr'>vulgo</span> <span class='ocrx_word' id='word_1_462' title='bbox 1462 2019 1511 2050; x_wconf 89' lang='lat' dir='ltr'>di-</span> 
     </span>
     <span class='ocr_line' id='line_1_46' title="bbox 281 2061 1509 2106; baseline 0 -14"><span class='ocrx_word' id='word_1_463' title='bbox 281 2064 354 2093; x_wconf 88' lang='lat' dir='ltr'>citur</span> <span class='ocrx_word' id='word_1_464' title='bbox 401 2064 462 2094; x_wconf 84' lang='lat' dir='ltr'>uille</span> <span class='ocrx_word' id='word_1_465' title='bbox 483 2063 520 2094; x_wconf 81' lang='lat' dir='ltr'>du</span> <span class='ocrx_word' id='word_1_466' title='bbox 540 2065 684 2105; x_wconf 71' lang='lat' dir='ltr'>Vaffeau,</span> <span class='ocrx_word' id='word_1_467' title='bbox 700 2062 750 2094; x_wconf 89' lang='lat' dir='ltr'>sub</span> <span class='ocrx_word' id='word_1_468' title='bbox 772 2075 803 2094; x_wconf 87' lang='lat' dir='ltr'>ea</span> <span class='ocrx_word' id='word_1_469' title='bbox 847 2074 904 2096; x_wconf 89' lang='lat' dir='ltr'>atte</span> <span class='ocrx_word' id='word_1_470' title='bbox 920 2065 965 2094; x_wconf 87' lang='lat' dir='ltr'>cui</span> <span class='ocrx_word' id='word_1_471' title='bbox 987 2063 1142 2094; x_wconf 80' lang='lat' dir='ltr'>versorium</span> <span class='ocrx_word' id='word_1_472' title='bbox 1162 2067 1266 2106; x_wconf 81' lang='lat' dir='ltr'>apponi</span> <span class='ocrx_word' id='word_1_473' title='bbox 1286 2063 1355 2094; x_wconf 87' lang='lat' dir='ltr'>solet</span> <span class='ocrx_word' id='word_1_474' title='bbox 1370 2085 1380 2098; x_wconf 94' lang='lat'><strong><em>,</em></strong></span> <span class='ocrx_word' id='word_1_475' title='bbox 1398 2062 1412 2092; x_wconf 76' lang='lat' dir='ltr'>a</span> <span class='ocrx_word' id='word_1_476' title='bbox 1433 2061 1509 2092; x_wconf 87' lang='lat' dir='ltr'>sum-</span> 
     </span>
     <span class='ocr_line' id='line_1_47' title="bbox 282 2075 1509 2151; baseline 0 -15"><span class='ocrx_word' id='word_1_477' title='bbox 282 2115 330 2135; x_wconf 85' lang='lat' dir='ltr'>mo</span> <span class='ocrx_word' id='word_1_478' title='bbox 356 2106 390 2139; x_wconf 77' lang='lat' dir='ltr'>ad</span> <span class='ocrx_word' id='word_1_479' title='bbox 409 2110 499 2140; x_wconf 83' lang='lat' dir='ltr'>imum</span> <span class='ocrx_word' id='word_1_480' title='bbox 518 2105 693 2151; x_wconf 84' lang='lat' dir='ltr'>perforabat.</span> <span class='ocrx_word' id='word_1_481' title='bbox 718 2108 798 2138; x_wconf 82' lang='lat' dir='ltr'>Huic</span> <span class='ocrx_word' id='word_1_482' title='bbox 816 2075 951 2140; x_wconf 48' lang='lat' dir='ltr'>gramini</span> <span class='ocrx_word' id='word_1_483' title='bbox 975 2105 1039 2139; x_wconf 81' lang='lat' dir='ltr'>satis</span> <span class='ocrx_word' id='word_1_484' title='bbox 1060 2105 1158 2150; x_wconf 83' lang='lat' dir='ltr'>amplo</span> <span class='ocrx_word' id='word_1_485' title='bbox 1180 2108 1345 2138; x_wconf 61' lang='lat' dir='ltr'>machinam</span> <span class='ocrx_word' id='word_1_486' title='bbox 1362 2105 1416 2137; x_wconf 77' lang='lat' dir='ltr'>suis</span> <span class='ocrx_word' id='word_1_487' title='bbox 1439 2108 1509 2137; x_wconf 82' lang='lat' dir='ltr'>rotis</span> 
     </span>
    </p>
   </div>
  </div>
 </body>
</html>
