1638 2345
355 146 423 178 '¹16
652 144 834 178 REGIAE
874 140 1287 176 SCIENTxARUM

242 188 333 220 'Amt-
357 199 449 231 neque
471 198 503 218 ea
523 186 617 220 forma
635 192 664 221 in
687 189 778 220 lucem
798 187 906 232 prodiit
921 210 931 223 ‚
952 198 1038 230 quam
1058 184 1215 228 suscepmm
1235 197 1308 229 opus
1325 184 1463 228 exigebat.
1492 186 1577 227 Qla'J

243 238 328 272 1672.
357 231 489 263 mobrem
525 232 554 263 id
588 233 751 264 Academiae
794 229 950 274 ropofitum
984 229 1037 261 fuit
1072 229 1217 260 historiam
1251 229 1416 260 animalium
1436 231 1579 260 anatomi-

244 276 274 305 &
297 285 417 317 73·cam
446 274 483 305 sic
510 275 637 317 perseqti
659 301 667 311 ‚
694 287 722 306 ut
751 243 792 305 ag
810 285 901 317 partes
935 275 1084 304 interiores
1118 275 1209 313 magis
1229 283 1315 314 quarn
1348 272 1382 302 :td
1421 275 1575 303 exteriores

354 322 486 349 animum
501 319 660 349 intenderet
680 330 687 349 ε
706 329 804 348 contra
823 328 906 359 atque
919 316 955 347 ab
977 314 1112 347 omnibus
1131 317 1180 357 qui
1201 317 1230 345 in
1253 316 1311 346 hoe
1331 325 1499 356 argumento
1511 327 1577 346 ver-

354 361 404 391 sati
429 361 511 397 sunt,
533 372 599 391 curn
621 360 760 392 veteribus
783 383 791 395 ,
819 372 880 391 tum
900 358 1102 390 recentioribus
1127 358 1232 388 factum
1259 359 1318 393 cst,
1340 357 1442 402 quibus
1466 369 1498 388 ea
1522 367 1578 400 ρο.ι

353 402 489 434 tiffimum
509 415 575 434 cuia
593 402 646 435 fuit
662 415 692 434 ut
714 403 848 434 animalia
865 426 873 438 ‚
894 414 1016 445 quotum
1038 402 1181 432 hillotiam
1204 400 1363 436 tradidere,
1385 400 1418 430 ad
1432 411 1507 431 certa
1529 412 1579 444 ge·

353 457 419 476 nera
435 458 601 478 revocarent
619 472 627 483 ,
650 457 733 490 atque
755 457 788 476 ex
807 449 928 489 partium
944 444 1127 489 quarumdam
1150 454 1330 475 externarum
1347 442 1578 474 conformatione

351 500 398 520 aut
417 501 449 520 ex
471 493 573 520 nativis
595 488 814 533 proprietatibus
831 500 917 520 certas
935 488 1037 530 specics
1057 487 1257 517 constituerent
1284 500 1291 518 ι
1318 486 1403 528 idque
1420 489 1522 529 partim
1542 497 1578 518 ex

351 532 418 567 suis,
431 535 534 574 partim
548 544 580 562 cx
595 534 693 563 alienis
706 543 768 574 quae
783 530 903 574 petsaepe
917 530 1027 565 fallunt,
1039 529 1294 560 observationibus.
1308 530 1380 560 Non
1393 532 1470 560 enim
1481 528 1579 560 :imer-

349 575 490 605 catoribus
502 587 547 606 aut
559 575 697 606 mtlitibus
711 578 759 617 qui
769 577 858 604 vatias
868 575 974 606 obeunt
987 575 1132 615 regiones,
1145 583 1176 602 ea
1186 583 1248 616 expt
1257 572 1358 603 &anda
1369 571 1407 602 est
1419 571 1580 614 diligentia,

349 628 396 648 aut
418 619 516 657 judicii
540 618 608 662 pers
623 621 710 649 icacia
724 629 779 661 qua
798 616 946 659 singulares
966 628 1007 649 tot
1025 616 1188 646 animalium
1204 619 1390 659 proprietates
1411 613 1456 645 vel
1476 625 1576 652 notas,

349 660 450 704 qulbus
463 660 498 691 ab
510 662 572 693 a‘iis
593 630 697 692 AEccrni
713 659 816 704 poffint
830 682 839 694 ‚
855 671 884 690 ut
900 673 948 706 par
965 663 1003 693 est
1019 682 1028 695 ‚
1047 657 1207 690 observent.
1233 661 1349 690 meas
1369 668 1468 689 cotum
1486 657 1580 701 fingu-

349 702 420 734 lates
441 704 612 735 illustrandis
634 701 686 734 suis
708 702 892 735 relationibus
915 704 1018 735 referre
1038 705 1188 737 contenti,
1210 701 1245 731 de
1264 700 1410 732 scribenda
1430 701 1513 744 paulo
1528 712 1579 731 36-

349 750 484 786 eutatiori
497 747 663 778 animalium
680 747 793 777 historia
813 757 871 777 non
884 746 1040 778 admodum
1060 744 1123 775 sunt
1141 743 1263 776 solliciti.
1291 745 1339 775 Ne
1361 756 1394 774 ue
1410 747 1429 775 ii
1443 744 1578 776 videntur

347 789 453 831 quibus
474 789 544 821 fides
565 790 647 820 facile
663 790 792 821 habenda
807 788 837 821 fit
851 812 860 825 ,
881 801 946 821 cum
965 793 992 820 in
1008 788 1105 821 multis
1119 786 1218 819 fallant
1232 809 1242 823 ‚
1261 798 1309 818 aut
1324 786 1349 818 fa
1363 787 1457 818 lantur
1468 809 1477 822 2
1490 799 1579 831 quan·

349 835 455 863 tutnvis
474 833 617 864 interdum
639 832 790 863 asseverent
810 831 834 863 se
852 844 910 863 non
933 832 986 864 alia
1011 831 1111 863 efferre
1126 841 1212 873 quam
1235 841 1297 873 qua:
1320 829 1410 861 oculi<
1428 828 1481 860 suis
1497 831 1578 862 usur-

347 887 467 918 parunt,
486 887 605 920 quaeque
622 876 658 907 ab
677 875 739 906 aliis
759 875 860 907 tradita
882 875 964 914 sunt,
989 874 1048 906 fa¹s1
1071 876 1264 904 condemnent
1284 895 1293 908 ,
1317 884 1369 904 ncc
1393 873 1470 904 aliud
1492 874 1578 917 quid.

347 917 415 949 dam
434 918 521 960 quim
545 923 678 950 omnium
705 919 777 961 pene
803 921 998 949 narrationum
1022 918 1109 949 fidem
1135 916 1288 960 suspttstam
1312 919 1342 947 δι
1365 916 1481 947 dubiam
1509 917 1579 948 red..

347 960 418 992 dunt
443 975 450 993 :
475 966 579 1006 quique
596 962 670 993 bona
684 961 740 992 fide
756 962 879 992 aliorum
901 962 1078 1004 diligentiam
1093 963 1123 992 ὃ(
1142 958 1229 990 fidem
1248 958 1396 991 infirmant
1407 981 1418 995 ,
1435 959 1510 990 suam
1525 959 1576 1004 ipsi

347 1015 406 1034 non
426 1004 488 1035 satis
509 1004 600 1036 firmis
619 1005 786 1036 testimoniis
808 1004 962 1036 adsttuunt.

391 1048 402 1076 1
418 1049 441 1078 1.
473 1050 568 1089 Qare
586 1049 629 1078 his
648 1050 860 1078 commentariis
880 1047 916 1077 eo
936 1050 1029 1085 major
1047 1047 1159 1078 videtur
1174 1045 1303 1077 habenda
1315 1044 1387 1077 fides
1400 1071 1408 1081 ‚
1424 1045 1501 1090 quod
1515 1057 1575 1078 non

346 1092 429 1121 unius
446 1090 564 1132 alicujus
585 1093 635 1135 qui
657 1093 815 1134 anticipatis
836 1090 1020 1133 opinionibus
1040 1092 1092 1120 tuis
1109 1089 1193 1120 facile
1214 1090 1302 1131 potest
1325 1088 1492 1131 indulgere,
1509 1092 1577 1132 qui-

345 1143 402 1174 que
424 1133 568 1164 interdum
591 1145 650 1164 non
673 1144 729 1164 tam
746 1146 788 1165 res
807 1133 878 1177 ipsas
894 1155 902 1168 ‚
929 1144 1014 1175 quam
1035 1132 1074 1163 sui
1094 1135 1200 1175 ingenii
1221 1130 1310 1163 foetus
1329 1130 1510 1167 considerat,
1528 1132 1576 1164 sed

346 1186 378 1205 ea
405 1177 519 1207 tradunt
546 1188 607 1219 quae
636 1176 795 1208 multorum
827 1175 919 1206 oculis
942 1175 1063 1218 subjceh
1090 1179 1120 1207 &
1147 1174 1300 1218 diligenter
1320 1176 1382 1206 sunt
1402 1173 1509 1205 excussa
1539 1175 1576 1207 ab

347 1220 382 1248 iis
403 1219 505 1260 quibus
521 1230 572 1250 nec
587 1219 665 1250 oculi
683 1219 718 1249 ad
733 1219 902 1254 videndum,
914 1230 965 1248 nec
983 1230 1082 1249 manus
1097 1218 1132 1249 ad
1150 1218 1357 1249 inveniendum
1371 1217 1492 1254 desunt,
1511 1221 1577 1262 qui-

347 1272 402 1304 que
422 1273 481 1292 non
502 1273 560 1292 tam
581 1262 677 1305 cupidi
706 1261 768 1292 sunt
793 1273 836 1292 res
860 1272 948 1293 novas
971 1262 1157 1299 inveniendi,
1184 1272 1269 1303 quam
1287 1272 1349 1303 quae
1369 1264 1491 1292 inventae
1513 1270 1577 1293 tunt

347 1303 423 1334 velut
451 1304 485 1336 ad
510 1306 643 1337 incud;m
673 1305 850 1336 revocandi:
882 1304 953 1335 adeo
972 1315 1001 1334 ut
1023 1303 1041 1334 st
1064 1304 1139 1335 forte
1161 1303 1302 1336 interdum
1322 1307 1446 1335 evenerit
1468 1315 1500 1335 ut
1524 1316 1576 1335 eos

346 1346 441 1389 aliqua
457 1347 590 1380 fefellerit
612 1347 772 1379 observatio
786 1371 795 1384 ‚
823 1347 945 1390 idipsum
964 1359 1020 1377 non
1041 1350 1148 1379 minori
1167 1346 1245 1378 lucro
1264 1357 1429 1389 apponant,
1453 1358 1539 1389 quam
1553 1346 1574 1380 fi

345 1401 453 1421 novum
473 1391 612 1435 quiddam
629 1391 665 1422 ab
687 1393 719 1421 iis
737 1402 879 1434 repertum
899 1389 1000 1424 fuisset.
1026 1391 1096 1421 Non
1113 1394 1190 1421 enim
1206 1392 1275 1420 tanti
1288 1390 1325 1421 tst
1342 1389 1417 1420 falsae
1429 1391 1574 1432 cujusdam

344 1432 476 1474 gloriolae
491 1437 639 1478 aucupatio
652 1457 662 1470 ‚
684 1445 769 1476 quam
788 1433 941 1477 ingeniosae
959 1433 1096 1464 illusionis
1122 1431 1254 1464 successus
1273 1444 1441 1475 extorquere
1462 1433 1550 1476 poffet
1562 1456 1574 1471 ,

344 1486 375 1506 ut
395 1477 564 1508 transistrlos
585 1489 647 1520 agat
664 1478 796 1508 homines
812 1479 938 1508 veritatis
958 1488 1082 1507 amantes
1105 1488 1114 1511 ·,
1136 1488 1166 1506 ea
1185 1475 1242 1507 laus
1260 1478 1287 1506 in
1302 1475 1394 1520 plures
1407 1475 1494 1507 divisa
1510 1488 1574 1520 per·

344 1530 443 1561 patum
465 1519 567 1551 afferre
585 1521 675 1563 potest
691 1522 831 1551 momenti
844 1543 853 1556 ,
877 1531 941 1550 cum
958 1519 993 1550 ab
1016 1519 1076 1550 aliis
1097 1531 1171 1549 nova
1187 1530 1382 1562 proponantur
1397 1544 1406 1556 ,
1425 1518 1473 1550 alii
1493 1530 1574 1551 certo

342 1562 451 1602 judicio
469 1563 612 1607 proposita
627 1563 802 1607 perpendant
816 1585 825 1598 ,
846 1574 928 1606 atque
948 1574 1048 1592 omnes
1070 1565 1097 1592 in
1119 1563 1201 1600 hujus
1219 1562 1308 1592 laudis
1321 1573 1430 1604 partem
1446 1565 1571 1595 veniant.

343 1605 465 1636 Accedit
485 1609 569 1637 ctiam
589 1606 735 1637 nonnullae
754 1605 942 1636 :emulationis
961 1608 1034 1636 inter
1050 1604 1241 1648 Philosophos
1258 1605 1319 1635 satis
1338 1603 1406 1635 usta
1419 1616 1442 1635 :e
1455 1605 1572 1647 quidam

343 1647 470 1679 stimulus
485 1670 493 1684 ‚
515 1660 574 1693 quo
591 1660 658 1679 cura
676 1653 706 1680 ὅ(
722 1649 843 1679 studium
859 1651 919 1679 acui
935 1647 1004 1679 solet
1016 1670 1025 1684 ,
1043 1651 1081 1678 ita
1094 1659 1124 1679 ut
1137 1647 1225 1678 libera
1238 1647 1290 1679 sint
1304 1651 1436 1679 omnium
1448 1649 1570 1687 judicia,

343 1701 435 1732 neque
450 1690 524 1721 ullus
545 1691 577 1722 stt
600 1691 778 1722 assentationi
799 1690 888 1722 locus.

389 1736 466 1764 111.
500 1734 554 1765 Etsi
575 1737 747 1778 praecipuum
774 1733 936 1764 Academiae
957 1733 1078 1764 studium
1096 1735 1125 1763 in
1148 1732 1176 1764 id
1200 1731 1337 1764 collatum
1355 1732 1408 1764 fuit
1429 1744 1459 1764 ut
1479 1745 1570 1777 partes

342 1775 508 1808 animalium
524 1781 673 1809 interiores
693 1776 842 1820 petspcetae
863 1776 948 1806 effa-nt
972 1777 1051 1816 (hoc
1069 1779 1145 1807 enim
1159 1776 1285 1807 maxime
1306 1777 1425 1807 historiae
1447 1777 1570 1809 naturali

342 1818 435 1850 deesse
455 1819 603 1851 videbatur
618 1823 628 1860 )
652 1831 714 1862 quae
728 1831 820 1850 tamen
837 1820 871 1851 ad
887 1823 1055 1850 exteriorem
1070 1831 1168 1850 eorum
1190 1817 1314 1850 fonnm
1332 1819 1457 1862 spectant
1468 1841 1477 1854 ,
1497 1833 1570 1864 prae-

343 1860 466 1894 termiffa
490 1875 547 1893 non
567 1866 720 1904 oportuit,
740 1875 770 1893 ut
788 1866 910 1906 partium
925 1866 1057 1893 omnium
1081 1865 1154 1893 inter
1174 1861 1199 1892 sc
1218 1873 1303 1892 nexus
1320 1866 1349 1893 ὅ(
1367 1861 1430 1892 usus
1443 1863 1570 1894 habean-

343 1917 388 1936 tur
410 1905 558 1949 explorati.
583 1905 672 1946 Qod
691 1904 709 1936 fi
727 1906 869 1937 interdum
889 1904 1091 1937 controversias
1113 1908 1185 1937 inter
1200 1906 1339 1935 Auctorcs
1359 1917 1450 1936 motas
1467 1906 1502 1936 de
1518 1916 1570 1937 va.·

342 1952 390 1980 riis
411 1949 576 1979 animalium
604 1948 770 1979 nominibus
787 1960 850 1991 qua·
872 1960 979 1979 veteres
1006 1948 1182 1979 tritdiderunt
1207 1971 1215 1983 ,
1247 1960 1281 1979 att
1302 1947 1381 1990 plut-a
1406 1952 1437 1979 &
1457 1947 1567 1981 diversa

343 1992 443 2022 iisdem
463 1991 582 2022 vocibus
600 1990 741 2033 designata
763 1990 867 2022 fuerint
882 2014 890 2026 ,
913 2003 958 2021 aut
985 1989 1105 2022 victffim
1126 1991 1205 2031 plura
1226 1990 1364 2021 vocabula
1382 1991 1482 2022 iisdem
1505 1995 1567 2023 ani-

343 2034 486 2065 mantibus
504 2035 591 2065 indita
614 2033 832 2077 stnt‚attingcte
856 2032 959 2064 nccess‘-
972 2033 1023 2064 fuit
1036 2056 1046 2069 ‚
1070 2032 1098 2063 id
1113 2034 1205 2065 obiter
1225 2033 1332 2064 fastum
1352 2035 1399 2064 est.
1422 2034 1516 2076 Atque
1535 2034 1565 2067 id

344 2089 431 2108 unum
477 2077 594 2121 raecipue
612 2088 683 2108 cura:
704 2075 757 2107 fuit
772 2100 780 2111 ,
801 2088 830 2108 ut
853 2077 1056 2118 dtscripttoncs
1075 2078 1155 2107 nttdae
1181 2083 1208 2108 ὅ.
1231 2076 1372 2118 simplices
1392 2080 1461 2107 citra
1478 2089 1566 2107 orna-

343 2130 404 2152 tum
422 2119 451 2153 ul
465 2132 513 2158 um
535 2120 732 2156 traderentur,
755 2131 817 2163 quae
841 2131 883 2152 tes
903 2121 974 2164 ipsas
998 2130 1028 2151 ut
1049 2118 1112 2154 visae
1137 2120 1198 2151 sunt
1211 2142 1221 2157 ‚
1240 2123 1278 2152 ita
1294 2119 1482 2156 exhiberent,
1503 2120 1564 2153 sete
