1638 2345
209 138 301 168 Ass.

219 188 305 219 1690-

330 100 387 127 266
645 98 815 131 REGtAE
851 99 1233 134 scu-:NTIARUM

538 279 550 286 α
781 262 813 297 C
830 262 860 297 A
876 263 899 299 P
910 266 949 301 U
963 263 998 299 T
1052 266 1070 302 I
1094 266 1125 304 I.

621 354 672 385 De
701 350 744 385 iis
762 361 825 399 quae
848 349 892 385 ad
912 349 1077 399 Mathestm
1093 351 1255 402 sped't‘ant.

328 445 352 474 1.
368 444 447 518 D
462 444 492 473 Ie
515 446 551 474 28
572 443 699 485 januarii
728 445 770 475 D.
793 446 833 476 D.
860 444 1046 476 Desbillettes
1063 468 1071 481 ‚
1089 449 1119 477 δε
1139 445 1254 477 Hebett
1273 448 1301 476 in
1322 444 1454 490 supremo
1469 448 1560 480 Sena-¹

463 497 492 516 tu
511 497 648 528 patronus
677 491 774 530 pontis
797 487 943 519 Versatilis
960 511 970 524 ‚
993 490 1061 518 Pom
1084 499 1209 519 tournant
1230 511 1239 525 ,
1267 500 1353 533 quem
1372 493 1401 521 in
1429 493 1560 532 Sequana

324 531 520 561 consttutsturn
531 540 695 561 curaverant
707 554 715 567 ,
729 530 808 562 simul
830 535 858 562 δέ
882 532 1021 562 machinae
1035 532 1232 563 cathan-:iendis
1254 535 1332 574 aquis
1352 533 1494 564 destinatae
1512 546 1560 574 ty-

326 583 380 613 pos
401 573 564 604 attulerunt.
593 572 671 604 Pons
693 574 741 605 ille
767 574 782 604 a
801 577 842 606 D.
864 575 975 605 Hebert
989 600 996 610 ,
1014 575 1144 605 machina
1163 576 1326 617 hydraulica
1351 575 1366 605 a
1387 578 1430 607 D.
1445 577 1562 614 Desbi1÷

323 614 404 646 lettes
433 616 487 647 fuit
514 620 685 658 excogitata.
711 620 839 660 Uttaque
862 620 994 648 machina
1019 618 1163 659 ingeniosa
1183 622 1212 649 δε
1235 619 1311 650 utilis
1326 619 1385 649 visa
1408 620 1456 652 est.

367 661 413 689 11.
437 657 585 700 Qasdam
607 661 735 691 Heronis
763 662 953 692 Alexandrini
971 661 1179 705 propositiones
1197 674 1229 692 ex
1245 661 1319 693 libro
1335 662 1370 693 dc
1387 662 1560 706 spiritalibus

322 701 469 746 decerptas
483 725 492 737 ,
506 703 652 746 proposuit
675 707 701 735 D
738 705 784 735 De
810 704 835 734 la
858 706 1025 746 Hite‚quae
1046 703 1141 735 minus
1166 716 1239 736 vera·
1258 704 1293 735 ab
1307 716 1341 735 eo
1362 704 1422 736 sunt
1444 707 1558 749 judica..

324 755 358 775 tae
371 768 380 781 ‚
404 746 504 789 easque
524 750 656 776 correxit.
677 749 773 789 Hujus
793 747 859 778 libri
881 759 999 778 examen
1024 750 1052 777 in
1069 747 1177 789 aliquot
1198 746 1392 790 congteffibus
1408 752 1560 781 continua-

324 791 376 819 vit.
403 791 482 819 Inter
494 800 525 818 ea
544 799 607 831 quat
631 794 778 821 annotavit
795 790 936 834 plurima,
951 791 1113 821 machinam
1130 803 1191 833 quae
1208 791 1243 822 ab
1266 793 1386 822 Herone
1404 803 1484 835 gutta
1502 805 1559 824 vo-

324 834 427 863 citatur
445 858 454 868 ,
470 831 655 875 explanavit,
676 834 755 876 quod
775 846 878 876 aquam
892 838 1024 877 guttatim
1040 846 1087 877 per
1111 836 1279 877 Syphonem
1295 837 1428 871 emittat,
1449 835 1497 867 ubi
1511 847 1560 866 ca-

324 872 386 904 lore
408 875 485 906 Solis
507 878 595 906 vitrea
613 877 738 921 ampulla
756 877 883 908 incaluit.
914 880 1009 920 Atque
1026 878 1108 917 hujus
1127 879 1264 908 machina:
1280 876 1426 908 occasione
1451 891 1506 921 qua
1519 882 1561 915 vi,

325 928 418 959 quave
443 922 552 950 ratione
580 919 675 950 succus
693 931 742 962 per
766 919 851 951 fibras
874 919 1036 964 plantarum
1054 920 1160 950 sursum
1184 921 1340 956 eludimur,
1359 919 1560 964 explicarein-

323 960 431 1002 gressus
447 962 495 992 est.
520 962 611 1004 Qod
634 973 835 1003 argumentum
858 964 950 1006 postea
970 963 1084 994 uberius
1107 966 1298 1006 pertrasttvit.
1504 965 1507 967 ⁵

365 1005 441 1035 111.
476 1007 533 1036 Dic
553 1015 565 1044 5
594 1006 695 1036 Martii
715 1008 754 1037 D.
778 1007 944 1037 Cominiers
967 1006 1111 1049 horologii
1125 1007 1264 1047 portatilis
1285 1005 1404 1049 figuram
1422 1004 1559 1040 linearem

324 1044 426 1082 dedit,
446 1052 526 1089 cujus
549 1048 705 1079 Auctorem
724 1054 762 1079 ait
782 1048 835 1080 esse
861 1051 902 1080 D.
922 1051 1056 1092 Harquin
1077 1054 1104 1081 in
1121 1061 1154 1079 eo
1167 1061 1268 1092 genere
1289 1048 1399 1093 opificii
1419 1048 1502 1081 valde
1513 1053 1561 1089 in·-

324 1088 462 1121 dustrium
477 1106 484 1123 ;
499 1092 636 1122 strutstura
656 1090 813 1136 simplicior
831 1096 859 1123 &
876 1093 891 1123 a
909 1093 1071 1135 vulgaribus
1092 1092 1201 1123 diversa
1224 1093 1281 1123 visa
1305 1092 1353 1123 est.

358 1135 419 1165 IV.
441 1137 484 1166 Ur
499 1135 514 1165 ὲ
533 1135 712 1166 Mcchanicis
729 1136 763 1166 ad
778 1136 978 1166 Astronomica
999 1139 1147 1167 veniamus
1159 1162 1167 1174 ,
1188 1139 1227 1168 D.
1242 1134 1349 1166 Caffini
1365 1135 1506 1167 theoriam
1517 1136 1560 1167 sai

326 1175 451 1207 tellirum
476 1179 560 1220 Jovis
585 1178 739 1222 perpolivit
763 1201 773 1215 ,
796 1183 825 1210 ὃ(
852 1182 881 1210 in
904 1183 988 1210 variis
1007 1178 1200 1222 congressibus
1229 1179 1303 1222 legit.
1331 1180 1456 1220 Systcma
1479 1181 1559 1211 suum

325 1222 400 1250 circa
421 1221 575 1263 inaequales
597 1221 750 1252 satellitum
773 1234 868 1252 motus
889 1222 1043 1265 exposuit,
1072 1233 1158 1253 novas
1181 1222 1394 1253 obsetvationes
1416 1224 1489 1252 circa
1503 1223 1561 1266 Jo-,

326 1274 392 1293 vem
413 1285 422 1298 ‚
442 1264 521 1295 illius
547 1264 678 1295 maculas
699 1269 728 1295 ὅ(
748 1264 899 1299 satellites,
922 1277 1004 1307 atquc
1030 1277 1129 1295 (oium
1151 1266 1266 1296 umbras
1286 1265 1414 1307 protulit.

363 1307 452 1336 Nova
474 1310 504 1337 in
526 1308 603 1349 Jove
618 1307 727 1338 macula
745 1306 770 1337 se
793 1307 947 1338 videndam
965 1307 1099 1350 preelmit³
1129 1320 1209 1346 cuius
1228 1307 1370 1338 revolutio
1397 1309 1442 1338 stx
1461 1311 1560 1340 minu-

328 1351 363 1379 tis
389 1349 496 1380 tardior
520 1350 606 1392 quam
623 1353 722 1394 prirnae
744 1350 915 1393 jampridem
932 1362 1052 1393 cognitae
1070 1354 1185 1382 inventa
1201 1352 1247 1382 (st.
1270 1351 1364 1381 Multa
1379 1354 1453 1382 circa
1476 1353 1560 1393 hujus

328 1393 445 1423 macula:
471 1392 571 1433 situm,
593 1397 623 1425 &
648 1404 758 1424 motum
783 1405 895 1424 necnon
912 1396 986 1424 circa
1006 1405 1128 1425 recentes
1147 1395 1230 1437 Juvis
1248 1397 1344 1425 Zonas
1364 1393 1511 1426 observata
1523 1395 1560 1427 ab

326 1446 359 1465 eo
381 1433 466 1466 fuere.

363 1481 400 1508 V.
424 1480 502 1510 Cum
518 1479 564 1510 die
580 1491 608 1511 2.
623 1479 742 1522 Augusti
764 1481 828 1510 Rex
846 1491 955 1523 magra:
981 1480 1133 1511 Britannis
1153 1478 1291 1510 ll'ustriss.
1315 1480 1562 1524 Augustoduncn-

328 1520 346 1551 si
363 1521 502 1565 Episcopo
528 1522 706 1558 insinuasset,
724 1523 748 1553 se
767 1525 891 1565 Regium
913 1524 1144 1555 Obervatorium
1166 1524 1286 1554 invisere
1306 1524 1378 1555 velle
1391 1547 1400 1559 ,
1416 1525 1442 1555 id
1467 1524 1560 1568 ipsum

329 1566 343 1592 ὲ
358 1567 397 1596 D.
416 1568 460 1596 De
480 1569 605 1596 Louvois
628 1569 668 1597 D.
690 1569 734 1597 De
757 1565 782 1597 la
810 1566 950 1609 Chapelle
971 1570 1133 1598 nuntiatum
1152 1567 1208 1602 cst,
1223 1578 1253 1597 ut
1272 1567 1439 1598 Academici
1458 1579 1560 1599 omncs

329 1607 376 1637 die
402 1610 554 1639 constituto
576 1632 583 1644 ,
606 1621 709 1652 nempe
729 1622 760 1649 23
786 1611 905 1651 Augusti
926 1610 962 1639 eo
982 1613 1170 1642 convenirent
1193 1613 1266 1640 circa
1284 1611 1385 1641 horam
1403 1610 1556 1642 decimam.

331 1650 514 1694 Principibus
534 1652 645 1693 Angliae
669 1656 738 1684 viris
761 1656 914 1683 comitatus
935 1654 997 1684 Rex
1013 1653 1137 1684 aduenit.
1159 1655 1260 1684 Turris
1276 1653 1436 1684 Orientalis
1449 1665 1559 1697 partem

331 1693 496 1724 inferiorem
518 1699 642 1738 primum
666 1695 779 1731 invisit,
806 1695 857 1726 ubi
875 1708 936 1738 quae
956 1698 1039 1726 noc‘tc
1059 1700 1189 1740 proxima
1214 1695 1294 1726 ficta:
1322 1696 1433 1727 fucrant
1457 1696 1561 1728 obser.

331 1739 458 1767 vationes
477 1741 550 1768 circa
574 1740 727 1769 Saturnum
745 1743 775 1769 δέ
796 1738 873 1769 illius
891 1739 1022 1769 strenuos
1035 1765 1042 1774 ,
1067 1740 1104 1769 cst
1127 1739 1347 1782 contemplatus.
1368 1739 1442 1770 Illud
1457 1743 1559 1783 impti-

330 1782 384 1809 mis
397 1780 488 1811 obiter
504 1793 632 1812 notatum
652 1782 667 1812 ὲ
689 1793 816 1825 quinque
843 1783 953 1812 Saturni
972 1782 1136 1813 satellitibus
1152 1793 1271 1826 quatuor
1290 1786 1317 1812 in
1333 1783 1387 1812 hoc
1409 1783 1560 1814 Observa-

330 1825 405 1853 torio
427 1823 506 1853 fuisse
529 1836 653 1868 repertos
667 1847 675 1859 ,
692 1837 791 1868 praeter
804 1837 869 1856 cum
889 1828 937 1868 qui
958 1825 1055 1857 multis
1076 1838 1139 1856 ante
1154 1828 1233 1855 annis
1254 1824 1269 1854 ὲ
1285 1826 1323 1856 D.
1344 1827 1463 1867 Hugtns
1482 1827 1560 1857 Aca-

329 1865 430 1896 demis
450 1866 526 1897 socio
545 1868 600 1897 una
627 1879 692 1897 cum
713 1868 819 1898 annulo
843 1870 968 1910 ejusdcm
992 1868 1114 1900 planet-t
1138 1866 1327 1909 dcprzhcsssus
1352 1868 1440 1900 fuerat
1458 1892 1466 1904 ‚
1484 1870 1557 1900 adeo

329 1919 359 1938 ur
382 1920 456 1940 nunc
477 1912 604 1951 quinque
625 1909 700 1939 illius
723 1911 845 1942 Plane-ta·
863 1915 983 1941 comites
1004 1914 1031 1941 in
1054 1914 1238 1954 conspectum
1255 1922 1369 1942 veniant
1385 1937 1391 1947 ,
1414 1915 1462 1954 qui
1487 1912 1556 1942 astra

330 1951 491 1983 Lutlovicea
512 1964 525 1982 a
550 1952 688 1995 pellantur
702 1975 710 1987 ,
734 1956 807 1995 iique
823 1966 887 1984 cuni
908 1955 991 1996 Jovis
1004 1965 1124 1995 quatuor
1146 1953 1300 1984 comitibus
1315 1977 1323 1989 ‚
1344 1958 1371 1984 ἃ
1391 1958 1495 1997 septem
1509 1967 1554 1984 er-

327 1995 452 2039 rantibus
472 1995 519 2026 stcl
537 2008 558 2025 ts
575 1995 611 2026 ab
628 1998 708 2026 omni
733 2008 792 2026 aevo
815 2000 936 2038 cognitis
957 1999 1047 2038 juncti
1074 1998 1212 2027 summm]
1246 2004 1280 2027 16
1303 1996 1485 2028 planetarum
1509 1995 1553 2026 ef-

329 2040 438 2068 iieiunt.

364 2083 389 2109 V
399 2083 421 2110 1.
436 2081 546 2115 Placuit
558 2084 605 2114 Μ.
620 2084 651 2115 B.
664 2083 738 2125 Regi
751 2083 854 2113 horum
867 2082 982 2124 systema
999 2086 1028 2114 ἃ
1041 2094 1173 2125 maguam
1185 2094 1315 2114 motuum
1338 2085 1494 2115 vatictitcm
1506 2084 1552 2112 in-
