1638 2345
291 78 587 111 ACADEMIAE
613 78 897 111 HISTORIA.
937 81 1011 111 Lm.
1047 84 1109 116 IV.
1233 95 1286 124 3¹¹

59 118 194 161 cujusque
207 123 376 164 receptaculi
396 134 531 166 aquarum
542 145 551 158 ,
569 133 615 154 aut
631 133 726 154 centra
745 122 839 154 media
859 123 994 166 cujusque
1011 125 1117 156 orificii
1133 128 1284 158 inveniun-
1299 118 1398 149 fiscw-

59 172 122 198 rur,
144 164 305 205 generalem
331 178 447 210 quoque
474 165 601 209 regulam
627 166 833 198 demonstravit
848 189 858 202 ‚
880 178 935 210 qua
954 168 1105 200 innotescit
1125 182 1220 201 morus
1244 171 1288 202 su-

57 204 185 248 perficiei
198 219 276 250 aqua:
296 212 381 247 vase,
401 221 447 241 aut
461 221 521 240 rece
545 208 638 240 taculo
658 212 762 253 quovis
784 220 926 242 contentae
942 236 951 246 ,
967 212 1094 253 quandiu
1115 217 1288 246 exinanitur.

99 248 180 280 Idem
203 252 296 294 postea
318 265 377 283 rem
400 254 486 297 ipsam
515 222 630 296 liingius
651 252 812 296 persecutus
836 253 963 296 regulam
984 255 1152 298 proposuit,
1172 268 1227 299 qu1
1249 258 1293 295 ef.-

55 290 151 323 fluxus
168 305 304 337 aquarum
319 322 328 336 ,
351 296 443 327 tubuli
459 295 507 339 ipsi
521 308 570 339 per
582 307 655 340 quos
671 296 687 326 ὲ
708 299 795 327 variis
813 296 998 342 receptaculis
1024 309 1073 330 aut
1091 300 1166 331 tubis
1193 312 1291 331 erum-

55 345 128 376 punt
142 358 151 371 ‚
170 340 247 378 juxta
269 338 431 382 specificam
450 350 548 369 earum
572 339 616 369 vel
640 339 776 381 cujusque
796 340 915 383 liquoris
939 344 1128 383 gravitatem,
1155 354 1290 385 quaecun-

55 388 110 419 quc
129 391 270 422 ponatur,
292 386 321 413 ἃ
332 382 367 412 ad
378 382 537 426 quamlibet
547 381 749 418 altitudinem,
762 382 798 414 ad
818 384 958 415 calculum
971 395 1150 417 revocantur.
1171 388 1218 417 Sic
1230 387 1288 418 cal-

55 419 151 452 culum
174 425 238 454 iniit
259 427 318 466 ejus
348 430 397 468 qui
418 430 448 456 in
475 427 607 457 machina
629 428 811 469 pneumatica
830 427 954 459 residuus
974 439 1071 459 manet
1090 432 1162 459 acris
1178 452 1187 465 ‚
1218 430 1291 472 post-

53 473 140 505 quam
162 469 265 507 majori
292 480 325 499 ex
345 480 422 511 parte
446 470 485 500 est
500 468 667 502 exantlatus.

99 509 190 550 quue
203 510 427 543 demonstratum
451 512 487 542 ab
507 524 541 542 eo
565 511 619 543 fuit
636 512 923 545 decimam-octavam
939 525 1047 557 partem
1065 517 1137 546 aeris
1155 514 1291 559 superesse

53 550 116 592 post
140 553 258 584 tiicenas
280 554 510 590 exantlationeS,
534 566 600 585 cuin
618 556 826 600 receptaculum
849 557 942 588 decies
963 561 1054 597 majus
1076 559 1114 588 cst
1136 559 1219 599 ipsius
1241 571 1292 589 an<

49 593 112 624 vtlice
137 594 227 635 tubo3
248 608 331 640 atque
354 598 508 629 universim
528 601 668 629 rationem
694 602 766 630 a‘e'ris
787 600 921 630 naturalis
939 600 975 631 ad
989 604 1053 630 aera
1072 600 1240 633 rarefactum
1258 606 1287 631 in

53 637 184 667 machina
206 643 385 681 pneumatica
400 645 479 683 juxta
499 644 719 685 proportionem
735 645 919 688 recipientis,
935 643 1014 678 tubi,
1027 643 1121 674 antliae
1140 647 1170 675 &
1188 645 1291 677 embo-

59 677 80 709 li
96 680 251 722 indagavit.

100 726 160 755 Vi.
189 724 271 756 Idem
284 728 620 762 rationeminveniendae
641 728 827 760 altitudinum
837 727 1004 760 differentiae
1018 731 1047 760 in
1068 729 1247 773 hydrargyro
1260 734 1292 762 δε

53 767 118 796 aere
137 771 185 809 qui
208 780 273 800 eum
295 774 398 812 premit
418 773 450 801 in
472 771 535 802 tubi
553 772 653 804 inflexi
673 784 751 815 parte
770 776 848 807 ima,
865 784 914 816 per
936 772 1079 804 calculum
1108 774 1234 805 tradidit.
1250 776 1290 806 D.

53 810 194 841 Matiotte
217 815 247 842 in
274 814 412 845 Tratstatu
430 813 481 844 suo
506 816 554 845 De
578 817 667 847 Motu
689 826 845 857 aquarum,
867 826 897 845 ut
922 819 1096 858 experientia
1118 817 1293 859 comproba-

52 862 114 883 tum
135 854 288 892 docuerat,
303 856 444 888 summam
456 858 592 900 ponderis
610 858 822 901 ammsphaerae,
840 861 870 889 δε
888 859 1030 890 Mercurii
1050 859 1130 902 supra
1150 860 1293 890 horizon-

50 906 108 927 tem
130 902 253 930 extantis
270 911 354 943 penes
374 901 557 932 altitudinem
572 903 695 944 sumpti,
710 902 746 931 ad
767 900 859 931 solum
884 901 999 943 pondus
1020 903 1216 945 atmosphaeiae
1230 915 1291 933 eam

51 938 156 971 habere
173 945 337 979 rationem,
363 955 450 987 quam
475 944 602 976 extensio
624 947 698 975 a‘e'ris
718 943 854 974 naturalis
876 947 906 974 in
935 943 1006 975 tubo
1029 945 1115 976 habet
1131 945 1166 975 ad
1192 957 1292 977 exten—

51 981 159 1014 sionem
182 988 256 1016 aeris
279 998 364 1030 quem
390 990 555 1030 comprimit
576 989 740 1019 Mercurius
756 990 786 1018 in
805 988 866 1017 imo
882 986 952 1018 tubi.
982 988 1024 1018 D.
1040 991 1189 1030 Varignon
1208 1000 1293 1031 gene-

51 1025 140 1057 talem
157 1027 311 1060 formulam
327 1030 502 1074 praescribit,
527 1042 583 1073 qua
601 1043 651 1075 per
667 1030 773 1061 litteras
792 1029 929 1073 idipsum
951 1030 1030 1072 quod
1050 1035 1185 1073 quzrritur
1207 1054 1216 1066 ‚
1240 1032 1292 1062 sta·

51 1071 106 1101 tim
117 1073 269 1103 invenitur.
285 1073 365 1104 Idem
379 1077 450 1106 citra
462 1073 602 1106 calculum
614 1086 663 1117 per
677 1075 872 1104 Geometriam
889 1073 1046 1116 simplicem
1057 1075 1093 1104 est
1112 1074 1294 1106 consecutus:

86 1116 262 1154 'Qinetiam
285 1118 404 1148 modum
429 1118 576 1161 proposuit
590 1117 757 1149 inveniendi
773 1119 896 1147 rationes
914 1121 987 1148 inter
1004 1119 1068 1147 a'c'ra
1083 1116 1201 1148 diversis
1217 1129 1290 1148 tem-

52 1158 172 1200 poribus
195 1159 296 1191 eodcm
317 1163 346 1191 in
367 1160 433 1191 loco
458 1161 684 1196 circumfusum,
704 1171 752 1191 aut
772 1159 888 1191 diversis
907 1163 936 1191 in
960 1159 1031 1190 locis
1046 1159 1150 1191 eodem
1177 1171 1294 1204 tempo-

53 1211 81 1230 re
102 1199 268 1243 spectatum.

95 1247 146 1274 VI
163 1246 186 1276 l.
213 1246 273 1277 Sub
287 1249 402 1278 initium
413 1251 479 1280 anni
492 1250 535 1281 D.
549 1250 691 1279 Moutons
707 1246 903 1290 Lugdunensis
923 1249 1044 1277 eximius
1067 1246 1290 1278 Mathematicus

51 1286 129 1318 misit
153 1287 187 1318 ad
209 1290 250 1320 D.
273 1290 421 1321 Cassinum
443 1291 569 1322 Tabulas
590 1291 605 1321 ὲ
625 1291 651 1322 se
675 1288 845 1332 compositas
859 1313 869 1325 ,
894 1301 963 1331 quas
990 1288 1157 1320 Academiae
1182 1289 1290 1321 oblatas

51 1330 154 1361 voluit.
169 1333 229 1362 Has
250 1335 288 1363 ita
309 1333 445 1376 inscripsit
465 1336 676 1377 Trigonometriae
692 1333 863 1372 artificialis,
879 1333 941 1372 five
958 1334 1048 1375 magni
1061 1334 1176 1360 canonis
1195 1334 1292 1375 Loga-

48 1374 232 1415 garithmetici
238 1376 444 1417 supplementum
466 1375 592 1407 exhibens
610 1374 798 1418 Logarithmos
813 1374 921 1414 firmum
948 1375 981 1405 ὠ
997 1375 1162 1417 tangentium
1173 1373 1290 1416 singulis

42 1415 166 1456 secundis
182 1414 282 1446 debiios
294 1439 302 1451 ,
316 1425 372 1447 tum
391 1420 521 1462 inprimis
534 1429 649 1460 quatuor
660 1415 790 1461 gradibus
802 1416 976 1462 qmdramir,
991 1426 1048 1446 tum
1067 1418 1096 1445 in
1111 1426 1201 1445 earum
1216 1427 1286 1445 com-

49 1458 197 1500 plementis.
217 1460 265 1489 De
281 1460 330 1490 usu
343 1460 504 1492 tabularum
518 1465 548 1492 in
566 1462 750 1492 Astronomia
767 1458 885 1490 brevem
899 1459 1287 1505 disscrrationcm-Contt’xul't

51 1502 95 1533 D.
111 1500 243 1532 Cassinus
258 1525 268 1537 ‚
294 1514 377 1545 arque
398 1515 428 1534 ut
451 1516 495 1536 eas
511 1504 662 1546 diligenter
679 1502 827 1534 asservaret
841 1525 851 1538 ,
871 1503 981 1533 censuit
1001 1501 1165 1532 Academia.

103 1546 129 1574 V
142 1546 213 1576 111.
241 1547 280 1578 D.
300 1547 350 1577 De
368 1546 394 1577 la
407 1548 483 1579 Hire
501 1539 629 1579 libellam
646 1558 705 1577 non
716 1544 813 1577 minus
830 1556 988 1577 accuratam
1005 1544 1093 1589 quirin
1108 1542 1159 1574 usu
1171 1541 1286 1575 facilem

53 1597 152 1618 coram
173 1588 313 1620 exhibuit.

96 1633 170 1661 XI.
203 1632 245 1662 D.
275 1634 441 1664 Amontons
462 1636 541 1675 cujus
562 1633 642 1677 supra
671 1636 848 1664 mentionem
877 1632 1014 1667 fecimus,
1035 1632 1177 1662 Pontonis
1197 1631 1285 1663 struc-

54 1683 145 1704 turam
168 1673 184 1704 ὲ
204 1674 230 1704 se
252 1680 440 1716 excogitatam
459 1680 488 1707 &
516 1676 688 1708 delineatam
710 1675 852 1720 protulit,
867 1687 952 1719 quam
972 1675 1107 1705 omnibus
1127 1675 1190 1706 aliis
1209 1675 1224 1706 ὲ
1237 1685 1284 1705 cu·

51 1727 108 1758 ,pro
127 1720 229 1759 paratis
250 1719 300 1749 usu
319 1710 528 1762 expeditiorem
548 1721 705 1754 existimat,
724 1718 805 1762 quod
826 1718 916 1749 altero
937 1729 1015 1748 tanto
1041 1717 1157 1748 solidior
1178 1716 1231 1753 sit,
1253 1720 1285 1748 δε

55 1759 179 1791 dimidia
197 1772 274 1801 parte
288 1760 393 1798 latior,
417 1762 500 1794 citius
511 1765 541 1793 in
554 1775 655 1806 aquam
675 1765 797 1794 immitti
811 1760 896 1805 possit
908 1784 918 1797 ,
933 1765 961 1793 δέ
977 1760 1069 1793 multo
1088 1763 1195 1791 minori
1209 1761 1286 1791 sum-

56 1813 105 1847 ptu
130 1803 310 1836 conficiatur.
1191 1850 1195 1853 Ι

109 1847 130 1876 Ε
146 1846 258 1890 duplici
278 1847 395 1879 asserum
420 1849 522 1881 ordine
542 1851 670 1888 constat,
694 1850 743 1891 qui
762 1851 793 1880 in
819 1848 942 1880 formam
965 1851 1054 1879 crucis
1071 1847 1196 1891 dispositi
1214 1868 1223 1880 ‚
1254 1849 1286 1875 ἒς

53 1889 146 1920 clavis
165 1891 218 1921 rite
244 1889 304 1921 sunt
325 1895 489 1936 compacti3
510 1905 565 1935 qua
588 1904 665 1936 parte
682 1892 707 1922 se
727 1903 846 1934 tangunt
863 1892 978 1923 abietini
1003 1891 1045 1921 illi
1068 1891 1166 1921 affires
1190 1910 1199 1922 ,
1220 1887 1286 1917 oleo

59 1932 126 1963 illiti
140 1932 262 1964 exterius
280 1937 340 1976 pice
365 1939 395 1966 δε
415 1935 592 1979 colophonia
605 1958 615 1971 ‚
636 1947 695 1966 tum
719 1934 798 1965 foliis
811 1934 978 1966 tenuissimis
994 1938 1073 1977 cupri
1090 1931 1287 1979 obducuntur3

59 1975 191 2008 asseribus
214 1988 261 2019 pcr
279 1976 376 2007 clavos
389 1977 494 2010 infixis.
521 1981 581 2019 Qi
610 1982 682 2010 inter
702 1977 729 2008 se
749 1980 969 2009 committuntur
996 1976 1159 2007 ferruminis
1182 1973 1289 2004 stannci

61 2020 212 2057 intei'jtetv
233 2018 305 2049 ultra
330 2031 437 2050 20000
461 2023 559 2062 pondo
587 2021 688 2052 ferunt.

93 2064 162 2094 IX.
192 2061 240 2094 Ad
255 2061 561 2105 Physico-Mcchanica
582 2063 682 2097 referri
707 2065 798 2109 potest
818 2069 1043 2108 experimentum
1068 2062 1084 2093 a
1112 2064 1152 2095 D.
1170 2058 1289 2092 Gallim>
