1638 2345
268 83 560 115 ACADEMIAE
595 81 897 114 HISTORIA.
931 82 1123 116 Lrn.1V.
1260 97 1315 126 397

130 125 341 169 Qadtaturam
365 127 435 158 vero
456 126 536 170 spatii
562 126 644 167 hujus
665 125 745 157 lineae
766 148 776 162 ,
806 125 997 170 cujuscunque
1018 125 1051 158 fit
1071 139 1177 160 naturae
1190 150 1200 165 ‚
1228 131 1312 161 inve·
1328 125 1418 155 Geom-

90 174 133 204 nit
155 177 194 203 i).
219 173 264 202 De
285 171 311 202 la
331 172 405 202 Hire
420 182 454 201 eo
475 170 536 214 ipso
554 180 682 211 tempore
697 181 755 213 quo
770 171 812 201 hae
831 168 1027 201 collectiones
1041 175 1115 215 typis
1133 172 1314 204 mandaban-

91 226 146 247 tur.
172 216 258 245 Hanc
271 218 370 258 utique
381 225 439 244 non
463 213 557 244 solum
579 214 614 243 ad
633 225 732 244 omnes
750 216 811 254 ejus
835 217 946 256 generis
969 215 1146 246 concho'i‘das
1168 218 1290 260 integras
1306 244 1315 257 ,

90 258 139 289 sed
160 261 246 290 etiam
269 259 304 290 ad
321 261 420 288 omnia
436 269 532 288 earum
555 256 698 298 segmenta
711 279 720 292 ‚
747 260 778 288 &
806 257 842 288 ad
862 260 1027 289 innumeras
1048 258 1116 289 alias
1134 258 1221 291 lineas
1243 261 1316 304 ejus-

91 302 159 333 dem
178 302 280 345 speciei
301 305 440 346 pertinere
459 301 542 333 facile
563 299 741 342 intelligitur.

137 349 149 376 1
172 349 195 376 1.
222 347 325 388 Longo
348 345 411 388 post
436 355 564 388 ternpore
588 367 598 379 ,
631 355 736 386 nempe
759 344 854 375 mense
885 345 1013 388 Augusto
1037 367 1046 382 ,
1083 357 1191 378 novum
1215 347 1319 390 quod?

91 388 159 420 darn
176 400 264 432 genus
286 388 394 431 ipiralis
410 387 491 418 lineae
508 391 591 420 certis
602 387 814 420 conditionibus
826 389 943 429 adjectis
957 388 1091 432 proposui
1155 414 1164 421 .
1178 392 1318 427 sinimur,

92 437 170 476 cujus
188 431 407 475 descriptionem
419 454 428 467 ,
446 432 645 475 quadraturam
658 453 669 466 ,
684 441 830 474 tangentes
848 433 889 464 D.
920 436 1069 476 Varignon
1128 432 1259 511 Ἷῆροῐὶ
1269 434 1320 466 de-

92 476 272 507 monstravit.

140 521 212 552 111.
237 522 294 550 Die
319 530 357 556 14
381 517 454 561 Jiilii
470 519 513 549 D.
527 519 575 549 De
599 521 697 561 Lagny
716 529 823 550 novam
842 518 1027 562 Hyperbolus
1039 519 1240 563 quadraturam
1253 532 1321 564 pro-

93 563 187 606 posuit
203 584 212 598 ,
236 566 265 592 &
286 563 332 592 die
356 573 391 592 zi
420 561 547 602 ejusdem
574 562 676 593 mensis
707 561 962 593 animadversiones
984 562 1042 593 suas
1069 566 1098 593 in
1121 564 1324 606 quadraturam

95 605 280 648 Hyperboles
299 606 315 636 a
343 608 384 637 D.
408 608 572 637 Mercatore
598 607 731 637 traditam
745 605 813 648 legit
829 627 839 640 ‚
854 616 940 648 quam
957 609 1050 646 paucis
1066 608 1126 648 post
1140 606 1239 638 diebus
1255 620 1324 650 pro-

93 651 230 691 pugnavit
256 650 298 679 D.
324 648 415 679 Dela
438 650 521 680 Hire.
546 649 628 680 Idem
655 650 697 684 D„
719 650 766 680 De
784 651 882 692 Lagny
904 659 934 679 ιι
956 649 1136 681 Novembris
1154 651 1324 684 Tractatum

91 693 140 721 De
161 692 272 734 Angulo
287 691 365 727 (blida
388 692 466 734 legit.

138 737 199 766 IV.
227 735 270 765 D.
288 736 335 765 De
357 738 508 778 Varignon
529 734 648 766 Cartesii
666 735 761 767 ovales
776 733 881 777 figuras
894 747 928 766 ex
949 735 1031 778 ipsius
1044 736 1183 767 methodo
1202 737 1325 768 demon-

93 778 211 814 stravit,
235 789 296 808 tum
316 790 364 822 per
385 778 520 820 analyfiin
538 802 548 814 ‚
576 790 635 809 tuin
656 782 725 810 citra
749 777 894 819 analyfim.
923 779 1003 809 Idem
1026 782 1143 811 ineunte
1171 780 1325 812 Febiuaiio

94 819 171 852 illius
190 832 305 857 curvae,
328 833 413 863 quam
442 821 545 863 cymba
562 834 610 863 per
636 821 761 853 canalem
784 824 874 852 tratsta
896 821 1053 858 describit,
1080 834 1212 863 natuer
1234 834 1325 867 expo-

96 863 150 896 suit
166 875 232 894 cum
260 864 406 908 superficie
425 868 456 896 &
486 864 624 895 soliditate
649 867 778 908 corporis
800 865 872 896 hanc
897 864 1003 895 lineam
1023 865 1230 906 describentis,
1257 878 1326 899 cum

94 909 202 938 circum
220 908 297 938 suam
310 909 504 950 Aiymptoton
521 911 647 938 vertitur.

140 953 178 983 V.
202 950 311 981 Eodem
338 952 384 981 die
402 950 658 982 animadversiones
683 953 711 980 in
730 949 805 994 figna
827 950 957 981 radicalia
977 950 1125 995 proposuit
1140 953 1181 984 D.
1208 951 1325 989 Rolless,

95 1005 204 1036 quotve
221 992 413 1026 dimensiones
433 994 468 1025 ad
489 994 633 1025 summum
655 993 760 1025 habere
787 993 909 1024 debeant
929 998 1102 1037 aequationes
1126 995 1142 1025 ὲ
1161 994 1246 1038 [ignis
1272 995 1327 1027 suis

96 1037 233 1068 liberatar.

144 1081 202 1110 Dic
223 1080 336 1111 decimo
353 1081 454 1112 Martii
477 1079 689 1110 observationes
708 1091 824 1122 quoque
839 1076 897 1111 suas
918 1083 948 1111 in
962 1085 1138 1123 aequationes
1154 1083 1248 1124 quarti
1261 1094 1328 1126 gra-

98 1123 152 1154 dus
173 1123 342 1167 proposuit,
366 1122 416 1154 ubi
430 1122 551 1154 ostendit
573 1126 761 1165 aequationem
783 1122 956 1166 propositam
970 1124 1024 1155 effe
1047 1124 1169 1156 solidam
1184 1147 1193 1160 ,
1219 1124 1268 1156 ubi
1282 1137 1327 1156 re-

99 1166 183 1197 dueta
208 1165 286 1196 nulla
309 1167 347 1196 est
365 1166 454 1207 radix·
466 1164 612 1197 rationalis
624 1188 634 1201 ‚
663 1177 746 1209 atque
764 1166 816 1197 hac
837 1166 872 1197 de
888 1178 917 1197 re
937 1166 1046 1210 regulas
1069 1167 1148 1200 datas
1163 1166 1218 1198 esse
1237 1172 1329 1200 muti-

98 1208 140 1240 las
166 1213 196 1240 ὅ(
212 1209 402 1252 imperfecstaS.

145 1255 207 1284 VI.
231 1252 312 1284 Cum
335 1251 452 1293 analysis
466 1255 675 1294 quantitatum,
696 1263 758 1294 quae
776 1254 806 1282 in
830 1252 977 1284 infinitum
998 1265 1092 1297 parvae
1107 1256 1327 1297 concipiuntur,

99 1294 135 1326 ab
158 1296 263 1327 Illustri
289 1296 462 1326 Marchionc
482 1307 570 1338 nuper
590 1296 670 1327 editae
691 1297 910 1326 Geomettarum
931 1299 1044 1339 ingenia
1068 1296 1228 1340 plurimum
1249 1310 1331 1329 exer-

99 1350 175 1370 cerer
190 1361 200 1375 ,
224 1340 264 1368 D.
291 1341 417 1370 Sauveur
442 1338 489 1368 die
514 1349 544 1379 23
563 1340 927 1374 Juniidemonstrationem
944 1339 1082 1371 linearum
1106 1340 1251 1382 proposuit
1276 1342 1331 1372 cal-

101 1381 181 1432 cpli,
200 1393 288 1424 quem
311 1380 530 1413 differentialem
553 1393 680 1418 vocarit,
704 1385 735 1413 in
761 1380 999 1424 multiplicatione
1024 1387 1055 1414 &
1079 1381 1219 1413 divifione
1239 1395 1330 1426 quan-

103 1433 227 1457 titatum.

149 1472 174 1498 V
189 1472 201 1500 1
216 1471 240 1501 1.
269 1471 328 1501 Die
349 1481 367 1507 7
394 1467 501 1511 Aprilis
527 1467 568 1499 D.
586 1466 674 1498 Rolle
695 1466 950 1498 demonstrationes
978 1468 1039 1499 suas
1061 1467 1256 1499 Geometricas
1281 1481 1332 1501 ex-

102 1510 197 1554 posuit
213 1534 223 1548 ‚
246 1512 350 1556 quibus
374 1511 542 1542 methodum
559 1510 574 1540 a
602 1512 643 1542 D.
666 1509 758 1542 Slufio
779 1511 911 1543 traditam
936 1510 1032 1542 minus
1048 1510 1172 1543 sufficere
1186 1514 1332 1544 invenien-

103 1555 148 1587 dis
169 1554 240 1586 locis
258 1556 304 1587 vel
319 1555 537 1599 simplicioribus
559 1555 708 1584 existimat.

149 1600 262 1631 VIII.
295 1601 353 1630 Die
380 1611 412 1631 12
438 1600 512 1628 Maii
527 1595 784 1629 illustnffiAbbas
806 1598 846 1631 D.
864 1601 976 1642 Bigrion
991 1596 1066 1629 misit
1085 1597 1120 1629 ad
1143 1598 1333 1631 Academiam

104 1652 214 1672 novam
227 1642 407 1673 methodum.
426 1642 466 1671 D.
487 1641 534 1671 Dc
548 1642 648 1682 Lagny
662 1663 672 1676 ‚
692 1643 743 1683 qui
758 1651 819 1671 tum
841 1643 975 1684 Lugduni
1002 1641 1166 1672 versabatur
1177 1664 1186 1677 ,
1199 1653 1255 1684 qua
1268 1655 1334 1687 pro-

106 1683 230 1715 blemata
244 1684 463 1717 indeterminata
483 1683 661 1715 resolvuntur
681 1687 710 1714 in
733 1695 866 1716 numeros
889 1690 1014 1727 integros
1034 1688 1063 1714 in
1084 1684 1271 1728 simplicibus,
1281 1687 1335 1717 du-

106 1726 229 1770 plicibus
245 1754 255 1764 ,
270 1728 430 1771 triplicibus
444 1731 503 1759 &c.
513 1726 720 1770 aequationibus
733 1730 836 1771 primi,
847 1728 972 1763 secundi,
987 1731 1063 1759 tertii
1074 1731 1133 1759 &c.
1148 1729 1265 1770 gradus.

145 1772 180 1800 In
200 1782 235 1801 eo
260 1773 376 1814 quidem
396 1771 498 1815 scripto
523 1770 595 1802 illud
609 1770 730 1801 advertit
745 1783 850 1802 veteres
870 1770 990 1802 noluisse
1008 1773 1038 1802 in
1051 1770 1276 1813 problematibus
1288 1783 1336 1803 nu-

108 1816 223 1845 mericis
244 1815 371 1857 analyses
392 1814 570 1846 irrationales
592 1813 759 1853 admittere,
782 1815 861 1856 quod
885 1825 1019 1845 numeros
1041 1815 1216 1846 irrationales
1236 1827 1267 1846 ut
1289 1827 1336 1846 ve-

107 1867 156 1888 tos
173 1868 306 1888 numeros
328 1870 386 1889 non
407 1861 587 1902 agnoverint.
614 1857 737 1889 Nullam
760 1870 859 1888 eorum
875 1861 1052 1890 mentionem
1076 1857 1144 1889 facit
1164 1857 1295 1888 Euclides
1316 1857 1337 1891 l.

109 1911 150 1939 7,
173 1903 186 1930 8
213 1904 244 1932 ὅ(
271 1914 288 1940 9
308 1901 540 1934 Elementorum:
572 1900 686 1932 decimo
707 1900 822 1944 quidem
846 1901 935 1932 Libro
957 1901 1037 1932 lineae
1051 1900 1163 1932 tantum
1187 1902 1337 1944 restangu-

109 1943 207 1975 lorum
227 1947 257 1975 δε
277 1945 479 1987 quadratorum
504 1943 680 1977 irrationales
695 1966 704 1979 ‚
727 1955 786 1974 non
811 1948 923 1975 numeri
941 1947 1133 1976 continentur.
1160 1944 1339 1976 Existimavit

108 1986 160 2018 ille
181 1987 300 2029 quidem
326 1989 398 2020 hanc
425 2000 511 2020 unam
536 1986 589 2018 effe
621 1987 774 2018 naturalem
796 1992 826 2019 ὅ(
851 1999 1008 2018 accuratam
1033 1987 1340 2018 incommensurabiles

110 2033 235 2061 rationes
266 2031 462 2063 considerandi
486 2034 565 2063 viam
588 2053 596 2066 ,
619 2033 649 2061 in
678 2042 735 2072 qua
755 2030 872 2074 quidem
893 2042 958 2062 eum
988 2029 1089 2061 erraffe
1120 2041 1200 2073 putat
1225 2032 1264 2062 D.
1291 2032 1340 2061 Dc

112 2075 208 2117 Lagny
220 2097 229 2110 ,
252 2073 317 2105 cum
340 2074 419 2106 linea:
440 2075 528 2108 oculis
548 2074 748 2110 tantummodo,
757 2085 954 2119 exponantur,
969 2084 1050 2116 atque
1064 2085 1092 2104 ut
1107 2085 1204 2104 earum
1219 2086 1341 2119 propor-

1047 2116 1140 2148 Ddd
1168 2120 1197 2159 ii,
