<?xml version="1.0" encoding="UTF-8"?>
<!DOCTYPE html PUBLIC "-//W3C//DTD XHTML 1.0 Transitional//EN"
    "http://www.w3.org/TR/xhtml1/DTD/xhtml1-transitional.dtd">
<html xmlns="http://www.w3.org/1999/xhtml" xml:lang="en" lang="en">
 <head>
  <title>
</title>
<meta http-equiv="Content-Type" content="text/html;charset=utf-8" />
  <meta name='ocr-system' content='tesseract 3.04.00' />
  <meta name='ocr-capabilities' content='ocr_page ocr_carea ocr_par ocr_line ocrx_word'/>
</head>
<body>
  <div class='ocr_page' id='page_1' title='image "./regiscientiaru98duha_0076.png"; bbox 0 0 1638 2345; ppageno 0'>
   <div class='ocr_carea' id='block_1_1' title="bbox 186 152 276 236">
    <p class='ocr_par' dir='ltr' id='par_1_1' title="bbox 186 152 276 236">
     <span class='ocr_line' id='line_1_1' title="bbox 186 152 276 183; baseline 0.011 -1"><span class='ocrx_word' id='word_1_1' title='bbox 186 152 276 183; x_wconf 76' lang='grc' dir='ltr'><strong>ΑΝΝ.</strong></span> 
     </span>
     <span class='ocr_line' id='line_1_2' title="bbox 188 200 270 236; baseline 0.024 -10"><span class='ocrx_word' id='word_1_2' title='bbox 188 200 270 236; x_wconf 82' lang='lat'>1669.</span> 
     </span>
    </p>
   </div>
   <div class='ocr_carea' id='block_1_2' title="bbox 297 96 1575 2084">
    <p class='ocr_par' dir='ltr' id='par_1_2' title="bbox 302 96 1227 147">
     <span class='ocr_line' id='line_1_3' title="bbox 302 96 1227 147; baseline -0.003 -14"><span class='ocrx_word' id='word_1_3' title='bbox 302 116 342 147; x_wconf 80' lang='lat'>54</span> <span class='ocrx_word' id='word_1_4' title='bbox 626 98 793 132; x_wconf 82' lang='lat' dir='ltr'>REGIAE</span> <span class='ocrx_word' id='word_1_5' title='bbox 843 96 1227 131; x_wconf 77' lang='lat' dir='ltr'>SCIENTIARUM</span> 
     </span>
    </p>

    <p class='ocr_par' dir='ltr' id='par_1_3' title="bbox 297 138 1531 450">
     <span class='ocr_line' id='line_1_4' title="bbox 346 138 1527 187; baseline -0.007 -10"><span class='ocrx_word' id='word_1_6' title='bbox 346 148 384 178; x_wconf 88' lang='lat' dir='ltr'>D.</span> <span class='ocrx_word' id='word_1_7' title='bbox 394 144 496 178; x_wconf 86' lang='lat' dir='ltr'>Picard</span> <span class='ocrx_word' id='word_1_8' title='bbox 511 155 586 176; x_wconf 86' lang='lat' dir='ltr'>anno</span> <span class='ocrx_word' id='word_1_9' title='bbox 603 150 692 180; x_wconf 81' lang='lat'><em>1669.</em></span> <span class='ocrx_word' id='word_1_10' title='bbox 711 142 805 187; x_wconf 85' lang='lat' dir='ltr'>Aprili</span> <span class='ocrx_word' id='word_1_11' title='bbox 820 140 916 175; x_wconf 84' lang='lat' dir='ltr'>mense</span> <span class='ocrx_word' id='word_1_12' title='bbox 929 141 1094 173; x_wconf 80' lang='lat' dir='ltr'>altitudines</span> <span class='ocrx_word' id='word_1_13' title='bbox 1107 143 1182 173; x_wconf 83' lang='lat' dir='ltr'>Solis</span> <span class='ocrx_word' id='word_1_14' title='bbox 1195 140 1365 173; x_wconf 80' lang='lat' dir='ltr'>meridianas</span> <span class='ocrx_word' id='word_1_15' title='bbox 1376 138 1411 172; x_wconf 85' lang='lat' dir='ltr'>ab</span> <span class='ocrx_word' id='word_1_16' title='bbox 1427 140 1527 173; x_wconf 62' lang='grc' dir='ltr'>Οέέο.</span> 
     </span>
     <span class='ocr_line' id='line_1_5' title="bbox 300 184 1528 230; baseline -0.007 -7"><span class='ocrx_word' id='word_1_17' title='bbox 300 191 344 223; x_wconf 86' lang='lat' dir='ltr'>bri</span> <span class='ocrx_word' id='word_1_18' title='bbox 357 193 424 221; x_wconf 85' lang='lat' dir='ltr'>anni</span> <span class='ocrx_word' id='word_1_19' title='bbox 444 192 525 222; x_wconf 84' lang='lat'>1668.</span> <span class='ocrx_word' id='word_1_20' title='bbox 541 188 576 220; x_wconf 87' lang='lat' dir='ltr'>ad</span> <span class='ocrx_word' id='word_1_21' title='bbox 591 188 645 220; x_wconf 86' lang='lat' dir='ltr'>hoc</span> <span class='ocrx_word' id='word_1_22' title='bbox 664 187 750 230; x_wconf 89' lang='lat' dir='ltr'>usque</span> <span class='ocrx_word' id='word_1_23' title='bbox 764 197 875 230; x_wconf 86' lang='lat' dir='ltr'>tempus</span> <span class='ocrx_word' id='word_1_24' title='bbox 889 185 992 216; x_wconf 85' lang='lat' dir='ltr'>eodem</span> <span class='ocrx_word' id='word_1_25' title='bbox 1008 188 1038 217; x_wconf 89' lang='lat' dir='ltr'>in</span> <span class='ocrx_word' id='word_1_26' title='bbox 1058 185 1124 217; x_wconf 86' lang='lat' dir='ltr'>loco</span> <span class='ocrx_word' id='word_1_27' title='bbox 1141 184 1157 215; x_wconf 73' lang='grc' dir='ltr'>ὲ</span> <span class='ocrx_word' id='word_1_28' title='bbox 1176 185 1202 216; x_wconf 88' lang='lat' dir='ltr'>se</span> <span class='ocrx_word' id='word_1_29' title='bbox 1220 185 1307 216; x_wconf 57' lang='lat' dir='ltr'>finitas</span> <span class='ocrx_word' id='word_1_30' title='bbox 1326 195 1392 215; x_wconf 88' lang='lat' dir='ltr'>cum</span> <span class='ocrx_word' id='word_1_31' title='bbox 1412 186 1445 215; x_wconf 87' lang='lat' dir='ltr'>iis</span> <span class='ocrx_word' id='word_1_32' title='bbox 1464 194 1528 226; x_wconf 75' lang='lat' dir='ltr'>qua:</span> 
     </span>
     <span class='ocr_line' id='line_1_6' title="bbox 300 227 1528 274; baseline -0.007 -9"><span class='ocrx_word' id='word_1_33' title='bbox 300 246 335 265; x_wconf 83' lang='lat' dir='ltr'>ex</span> <span class='ocrx_word' id='word_1_34' title='bbox 354 233 454 265; x_wconf 86' lang='lat' dir='ltr'>tabulis</span> <span class='ocrx_word' id='word_1_35' title='bbox 478 231 678 274; x_wconf 86' lang='lat' dir='ltr'>Rodolphinis</span> <span class='ocrx_word' id='word_1_36' title='bbox 696 241 853 266; x_wconf 85' lang='lat' dir='ltr'>eruuntur,</span> <span class='ocrx_word' id='word_1_37' title='bbox 874 228 996 262; x_wconf 86' lang='lat' dir='ltr'>contulit</span> <span class='ocrx_word' id='word_1_38' title='bbox 1010 251 1019 264; x_wconf 89' lang='lat'><em>,</em></span> <span class='ocrx_word' id='word_1_39' title='bbox 1039 232 1069 260; x_wconf 76' lang='grc' dir='ltr'>ὅ(</span> <span class='ocrx_word' id='word_1_40' title='bbox 1084 233 1112 260; x_wconf 82' lang='grc' dir='ltr'>ἰη</span> <span class='ocrx_word' id='word_1_41' title='bbox 1127 227 1235 260; x_wconf 81' lang='lat' dir='ltr'>rabulas</span> <span class='ocrx_word' id='word_1_42' title='bbox 1255 228 1362 270; x_wconf 66' lang='lat' dir='ltr'>redegit</span> <span class='ocrx_word' id='word_1_43' title='bbox 1377 249 1385 262; x_wconf 89' lang='lat'><em>‚</em></span> <span class='ocrx_word' id='word_1_44' title='bbox 1404 237 1528 271; x_wconf 81' lang='lat' dir='ltr'>quarum</span> 
     </span>
     <span class='ocr_line' id='line_1_7' title="bbox 300 268 1530 321; baseline -0.007 -13"><span class='ocrx_word' id='word_1_45' title='bbox 300 280 393 321; x_wconf 84' lang='lat' dir='ltr'>prima</span> <span class='ocrx_word' id='word_1_46' title='bbox 416 275 578 308; x_wconf 75' lang='lat' dir='ltr'>altitudines</span> <span class='ocrx_word' id='word_1_47' title='bbox 600 273 676 306; x_wconf 82' lang='lat' dir='ltr'>Solis</span> <span class='ocrx_word' id='word_1_48' title='bbox 695 295 705 309; x_wconf 93' lang='lat'><em>‚</em></span> <span class='ocrx_word' id='word_1_49' title='bbox 724 285 754 304; x_wconf 91' lang='lat' dir='ltr'>ut</span> <span class='ocrx_word' id='word_1_50' title='bbox 779 274 934 305; x_wconf 71' lang='lat' dir='ltr'>observatae</span> <span class='ocrx_word' id='word_1_51' title='bbox 953 272 1066 304; x_wconf 85' lang='lat' dir='ltr'>fuerunt</span> <span class='ocrx_word' id='word_1_52' title='bbox 1081 294 1089 307; x_wconf 82' lang='lat'>,</span> <span class='ocrx_word' id='word_1_53' title='bbox 1115 271 1234 303; x_wconf 82' lang='lat' dir='ltr'>secunda</span> <span class='ocrx_word' id='word_1_54' title='bbox 1257 269 1368 302; x_wconf 82' lang='lat' dir='ltr'>easdem</span> <span class='ocrx_word' id='word_1_55' title='bbox 1389 270 1403 300; x_wconf 82' lang='grc' dir='ltr'>ὲ</span> <span class='ocrx_word' id='word_1_56' title='bbox 1426 268 1530 300; x_wconf 82' lang='lat' dir='ltr'>tabulis</span> 
     </span>
     <span class='ocr_line' id='line_1_8' title="bbox 297 315 1530 363; baseline -0.006 -12"><span class='ocrx_word' id='word_1_57' title='bbox 297 324 375 363; x_wconf 72' lang='lat' dir='ltr'>juxta</span> <span class='ocrx_word' id='word_1_58' title='bbox 395 319 492 352; x_wconf 84' lang='lat' dir='ltr'>locum</span> <span class='ocrx_word' id='word_1_59' title='bbox 503 317 578 351; x_wconf 80' lang='lat' dir='ltr'>Solis</span> <span class='ocrx_word' id='word_1_60' title='bbox 595 339 604 353; x_wconf 92' lang='lat'><em>‚</em></span> <span class='ocrx_word' id='word_1_61' title='bbox 622 316 822 361; x_wconf 75' lang='lat' dir='ltr'>obliquitatem</span> <span class='ocrx_word' id='word_1_62' title='bbox 839 316 983 360; x_wconf 81' lang='lat' dir='ltr'>Eeliptica:</span> <span class='ocrx_word' id='word_1_63' title='bbox 995 338 1005 351; x_wconf 84' lang='lat'><em>,</em></span> <span class='ocrx_word' id='word_1_64' title='bbox 1021 319 1051 347; x_wconf 72' lang='grc' dir='ltr'>ὃ(</span> <span class='ocrx_word' id='word_1_65' title='bbox 1071 315 1252 347; x_wconf 80' lang='lat' dir='ltr'>altitudinem</span> <span class='ocrx_word' id='word_1_66' title='bbox 1269 315 1432 358; x_wconf 80' lang='lat' dir='ltr'>AEquatoris</span> <span class='ocrx_word' id='word_1_67' title='bbox 1446 324 1530 344; x_wconf 88' lang='lat' dir='ltr'>com-</span> 
     </span>
     <span class='ocr_line' id='line_1_9' title="bbox 299 358 1531 408; baseline -0.007 -13"><span class='ocrx_word' id='word_1_68' title='bbox 299 374 409 408; x_wconf 79' lang='lat' dir='ltr'>putatas</span> <span class='ocrx_word' id='word_1_69' title='bbox 424 385 434 399; x_wconf 86' lang='lat'>,</span> <span class='ocrx_word' id='word_1_70' title='bbox 457 364 539 395; x_wconf 82' lang='lat' dir='ltr'>tertia</span> <span class='ocrx_word' id='word_1_71' title='bbox 558 359 735 393; x_wconf 78' lang='lat' dir='ltr'>differentias</span> <span class='ocrx_word' id='word_1_72' title='bbox 751 363 825 392; x_wconf 87' lang='lat' dir='ltr'>inter</span> <span class='ocrx_word' id='word_1_73' title='bbox 845 359 1058 393; x_wconf 80' lang='lat' dir='ltr'>oblcrvationes</span> <span class='ocrx_word' id='word_1_74' title='bbox 1081 362 1112 390; x_wconf 67' lang='grc' dir='ltr'>ὅ(</span> <span class='ocrx_word' id='word_1_75' title='bbox 1133 358 1273 391; x_wconf 86' lang='lat' dir='ltr'>calculum</span> <span class='ocrx_word' id='word_1_76' title='bbox 1296 362 1428 389; x_wconf 82' lang='lat' dir='ltr'>inventas</span> <span class='ocrx_word' id='word_1_77' title='bbox 1449 367 1531 387; x_wconf 87' lang='lat' dir='ltr'>com-</span> 
     </span>
     <span class='ocr_line' id='line_1_10' title="bbox 299 406 446 450; baseline 0.014 -13"><span class='ocrx_word' id='word_1_78' title='bbox 299 406 446 450; x_wconf 55' lang='lat' dir='ltr'>plectitur.</span> 
     </span>
    </p>

    <p class='ocr_par' dir='ltr' id='par_1_4' title="bbox 303 440 1536 664">
     <span class='ocr_line' id='line_1_11' title="bbox 337 440 1534 488; baseline -0.007 -8"><span class='ocrx_word' id='word_1_79' title='bbox 337 452 385 481; x_wconf 90' lang='lat'>11.</span> <span class='ocrx_word' id='word_1_80' title='bbox 418 448 496 482; x_wconf 87' lang='lat' dir='ltr'>Illud</span> <span class='ocrx_word' id='word_1_81' title='bbox 511 454 570 480; x_wconf 85' lang='lat' dir='ltr'>no&#39;n</span> <span class='ocrx_word' id='word_1_82' title='bbox 584 447 738 480; x_wconf 87' lang='lat' dir='ltr'>tacendum</span> <span class='ocrx_word' id='word_1_83' title='bbox 759 446 892 482; x_wconf 85' lang='lat' dir='ltr'>videtur,</span> <span class='ocrx_word' id='word_1_84' title='bbox 910 444 994 477; x_wconf 84' lang='lat' dir='ltr'>stellae</span> <span class='ocrx_word' id='word_1_85' title='bbox 1015 457 1078 488; x_wconf 79' lang='lat' dir='ltr'>quae</span> <span class='ocrx_word' id='word_1_86' title='bbox 1098 456 1148 476; x_wconf 87' lang='lat' dir='ltr'>cor</span> <span class='ocrx_word' id='word_1_87' title='bbox 1163 446 1269 476; x_wconf 81' lang='lat' dir='ltr'>Leonis</span> <span class='ocrx_word' id='word_1_88' title='bbox 1289 443 1448 487; x_wconf 71' lang='lat' dir='ltr'>appsllatur</span> <span class='ocrx_word' id='word_1_89' title='bbox 1466 440 1534 473; x_wconf 86' lang='lat' dir='ltr'>alti-</span> 
     </span>
     <span class='ocr_line' id='line_1_12' title="bbox 303 488 1534 530; baseline -0.006 -6"><span class='ocrx_word' id='word_1_90' title='bbox 303 493 432 524; x_wconf 76' lang='lat' dir='ltr'>tudinem</span> <span class='ocrx_word' id='word_1_91' title='bbox 450 492 638 523; x_wconf 80' lang='lat' dir='ltr'>meridianam</span> <span class='ocrx_word' id='word_1_92' title='bbox 649 491 697 522; x_wconf 92' lang='lat' dir='ltr'>die</span> <span class='ocrx_word' id='word_1_93' title='bbox 709 503 732 530; x_wconf 87' lang='lat'>3.</span> <span class='ocrx_word' id='word_1_94' title='bbox 748 492 822 521; x_wconf 86' lang='lat' dir='ltr'>Maii</span> <span class='ocrx_word' id='word_1_95' title='bbox 841 493 987 521; x_wconf 76' lang='lat' dir='ltr'>inventim</span> <span class='ocrx_word' id='word_1_96' title='bbox 1002 488 1133 526; x_wconf 73' lang='lat' dir='ltr'>fuiss&#39;e54</span> <span class='ocrx_word' id='word_1_97' title='bbox 1156 499 1198 530; x_wconf 85' lang='lat' dir='ltr'>gr.</span> <span class='ocrx_word' id='word_1_98' title='bbox 1220 500 1258 527; x_wconf 80' lang='lat'>4²-</span> <span class='ocrx_word' id='word_1_99' title='bbox 1281 499 1320 518; x_wconf 85' lang='lat' dir='ltr'>m.</span> <span class='ocrx_word' id='word_1_100' title='bbox 1339 499 1371 527; x_wconf 81' lang='lat'>30</span> <span class='ocrx_word' id='word_1_101' title='bbox 1384 489 1438 518; x_wconf 80' lang='lat' dir='ltr'>[ec.</span> <span class='ocrx_word' id='word_1_102' title='bbox 1458 488 1534 528; x_wconf 81' lang='lat' dir='ltr'>Qa:</span> 
     </span>
     <span class='ocr_line' id='line_1_13' title="bbox 303 529 1536 576; baseline -0.008 -8"><span class='ocrx_word' id='word_1_103' title='bbox 303 535 426 568; x_wconf 83' lang='lat' dir='ltr'>altitudo</span> <span class='ocrx_word' id='word_1_104' title='bbox 443 537 514 568; x_wconf 87' lang='lat' dir='ltr'>hora</span> <span class='ocrx_word' id='word_1_105' title='bbox 532 548 550 575; x_wconf 91' lang='lat'><strong>7</strong></span> <span class='ocrx_word' id='word_1_106' title='bbox 575 538 606 565; x_wconf 88' lang='lat'><strong>&amp;</strong></span> <span class='ocrx_word' id='word_1_107' title='bbox 626 546 638 576; x_wconf 81' lang='lat'>5</span> <span class='ocrx_word' id='word_1_108' title='bbox 661 545 699 566; x_wconf 91' lang='lat' dir='ltr'>m.</span> <span class='ocrx_word' id='word_1_109' title='bbox 722 535 778 566; x_wconf 84' lang='lat' dir='ltr'>hoc</span> <span class='ocrx_word' id='word_1_110' title='bbox 797 533 835 563; x_wconf 84' lang='lat' dir='ltr'>est</span> <span class='ocrx_word' id='word_1_111' title='bbox 856 544 886 571; x_wconf 80' lang='lat'>¹3</span> <span class='ocrx_word' id='word_1_112' title='bbox 909 535 1026 563; x_wconf 76' lang='lat' dir='ltr'>minutis</span> <span class='ocrx_word' id='word_1_113' title='bbox 1048 533 1125 563; x_wconf 76' lang='lat' dir='ltr'>hora:</span> <span class='ocrx_word' id='word_1_114' title='bbox 1143 542 1207 562; x_wconf 75' lang='lat' dir='ltr'>ante</span> <span class='ocrx_word' id='word_1_115' title='bbox 1231 530 1307 561; x_wconf 60' lang='lat' dir='ltr'>solis</span> <span class='ocrx_word' id='word_1_116' title='bbox 1327 529 1457 561; x_wconf 72' lang='lat' dir='ltr'>occasum</span> <span class='ocrx_word' id='word_1_117' title='bbox 1481 529 1536 559; x_wconf 83' lang='lat' dir='ltr'>fuit</span> 
     </span>
     <span class='ocr_line' id='line_1_14' title="bbox 304 572 1536 619; baseline -0.006 -9"><span class='ocrx_word' id='word_1_118' title='bbox 304 579 461 610; x_wconf 82' lang='lat' dir='ltr'>observata.</span> <span class='ocrx_word' id='word_1_119' title='bbox 495 577 585 619; x_wconf 85' lang='lat' dir='ltr'>Qod</span> <span class='ocrx_word' id='word_1_120' title='bbox 604 577 738 608; x_wconf 65' lang='lat' dir='ltr'>haetenus</span> <span class='ocrx_word' id='word_1_121' title='bbox 759 576 865 607; x_wconf 67' lang='lat' dir='ltr'>fastum</span> <span class='ocrx_word' id='word_1_122' title='bbox 885 587 943 605; x_wconf 88' lang='lat' dir='ltr'>non</span> <span class='ocrx_word' id='word_1_123' title='bbox 958 574 1046 607; x_wconf 71' lang='lat' dir='ltr'>fuerat</span> <span class='ocrx_word' id='word_1_124' title='bbox 1067 586 1096 605; x_wconf 92' lang='lat' dir='ltr'>ut</span> <span class='ocrx_word' id='word_1_125' title='bbox 1111 578 1157 605; x_wconf 76' lang='lat' dir='ltr'>die</span> <span class='ocrx_word' id='word_1_126' title='bbox 1178 573 1359 605; x_wconf 83' lang='lat' dir='ltr'>illucescente</span> <span class='ocrx_word' id='word_1_127' title='bbox 1373 572 1536 604; x_wconf 76' lang='lat' dir='ltr'>altitudines</span> 
     </span>
     <span class='ocr_line' id='line_1_15' title="bbox 306 619 1003 664; baseline -0.009 -10"><span class='ocrx_word' id='word_1_128' title='bbox 306 621 448 654; x_wconf 85' lang='lat' dir='ltr'>stellarum</span> <span class='ocrx_word' id='word_1_129' title='bbox 468 622 632 653; x_wconf 74' lang='lat' dir='ltr'>meridianae</span> <span class='ocrx_word' id='word_1_130' title='bbox 652 620 804 664; x_wconf 83' lang='lat' dir='ltr'>explorata:</span> <span class='ocrx_word' id='word_1_131' title='bbox 824 619 1003 650; x_wconf 58' lang='lat' dir='ltr'>iuberentur.</span> 
     </span>
    </p>

    <p class='ocr_par' dir='ltr' id='par_1_5' title="bbox 307 659 1541 879">
     <span class='ocr_line' id='line_1_16' title="bbox 343 659 1538 708; baseline -0.004 -12"><span class='ocrx_word' id='word_1_132' title='bbox 343 666 403 696; x_wconf 88' lang='lat' dir='ltr'>Die</span> <span class='ocrx_word' id='word_1_133' title='bbox 425 677 472 705; x_wconf 65' lang='grc' dir='ltr'>ις.</span> <span class='ocrx_word' id='word_1_134' title='bbox 488 665 559 708; x_wconf 73' lang='lat' dir='ltr'>Julii</span> <span class='ocrx_word' id='word_1_135' title='bbox 574 665 711 695; x_wconf 56' lang='lat' dir='ltr'>aeturus</span> <span class='ocrx_word' id='word_1_136' title='bbox 731 662 806 694; x_wconf 86' lang='lat' dir='ltr'>visus</span> <span class='ocrx_word' id='word_1_137' title='bbox 825 662 864 693; x_wconf 89' lang='lat' dir='ltr'>cst</span> <span class='ocrx_word' id='word_1_138' title='bbox 880 665 908 692; x_wconf 91' lang='lat' dir='ltr'>in</span> <span class='ocrx_word' id='word_1_139' title='bbox 924 661 1082 692; x_wconf 82' lang='lat' dir='ltr'>meridiano</span> <span class='ocrx_word' id='word_1_140' title='bbox 1096 683 1105 696; x_wconf 94' lang='lat'><em>‚</em></span> <span class='ocrx_word' id='word_1_141' title='bbox 1125 659 1247 691; x_wconf 77' lang='lat' dir='ltr'>altitudo</span> <span class='ocrx_word' id='word_1_142' title='bbox 1269 663 1327 701; x_wconf 69' lang='lat' dir='ltr'>eju&lt;</span> <span class='ocrx_word' id='word_1_143' title='bbox 1348 665 1384 691; x_wconf 69' lang='grc' dir='ltr'>ει</span> <span class='ocrx_word' id='word_1_144' title='bbox 1411 669 1453 701; x_wconf 88' lang='lat' dir='ltr'>gr.</span> <span class='ocrx_word' id='word_1_145' title='bbox 1468 670 1538 701; x_wconf 74' lang='lat'><em>5‘111.</em></span> 
     </span>
     <span class='ocr_line' id='line_1_17' title="bbox 307 701 1538 752; baseline -0.007 -12"><span class='ocrx_word' id='word_1_146' title='bbox 307 719 423 752; x_wconf 89' lang='lat' dir='ltr'>tumque</span> <span class='ocrx_word' id='word_1_147' title='bbox 440 709 490 739; x_wconf 83' lang='lat' dir='ltr'>Sol</span> <span class='ocrx_word' id='word_1_148' title='bbox 506 719 564 738; x_wconf 88' lang='lat' dir='ltr'>etat</span> <span class='ocrx_word' id='word_1_149' title='bbox 577 706 657 743; x_wconf 75' lang='lat' dir='ltr'>supra</span> <span class='ocrx_word' id='word_1_150' title='bbox 670 708 853 737; x_wconf 80' lang='lat' dir='ltr'>horizontem</span> <span class='ocrx_word' id='word_1_151' title='bbox 869 710 906 736; x_wconf 83' lang='grc'>16</span> <span class='ocrx_word' id='word_1_152' title='bbox 925 716 969 747; x_wconf 85' lang='lat' dir='ltr'>gr.</span> <span class='ocrx_word' id='word_1_153' title='bbox 987 716 1017 745; x_wconf 78' lang='lat'>59</span> <span class='ocrx_word' id='word_1_154' title='bbox 1031 716 1068 735; x_wconf 85' lang='lat' dir='ltr'>m.</span> <span class='ocrx_word' id='word_1_155' title='bbox 1087 716 1117 744; x_wconf 79' lang='lat'>35</span> <span class='ocrx_word' id='word_1_156' title='bbox 1138 703 1189 735; x_wconf 82' lang='lat' dir='ltr'>sec.</span> <span class='ocrx_word' id='word_1_157' title='bbox 1204 703 1284 734; x_wconf 73' lang='lat' dir='ltr'>alzus.</span> <span class='ocrx_word' id='word_1_158' title='bbox 1295 706 1393 744; x_wconf 75' lang='lat' dir='ltr'>Qtre</span> <span class='ocrx_word' id='word_1_159' title='bbox 1412 714 1467 741; x_wconf 65' lang='lat' dir='ltr'>iam</span> <span class='ocrx_word' id='word_1_160' title='bbox 1481 701 1538 732; x_wconf 85' lang='lat' dir='ltr'>dif-</span> 
     </span>
     <span class='ocr_line' id='line_1_18' title="bbox 308 745 1540 788; baseline -0.005 -6"><span class='ocrx_word' id='word_1_161' title='bbox 308 751 385 784; x_wconf 72' lang='lat' dir='ltr'>ficile</span> <span class='ocrx_word' id='word_1_162' title='bbox 399 763 457 782; x_wconf 87' lang='lat' dir='ltr'>non</span> <span class='ocrx_word' id='word_1_163' title='bbox 475 752 511 782; x_wconf 83' lang='lat' dir='ltr'>est</span> <span class='ocrx_word' id='word_1_164' title='bbox 525 752 594 782; x_wconf 80' lang='lat' dir='ltr'>ascet</span> <span class='ocrx_word' id='word_1_165' title='bbox 608 749 698 782; x_wconf 83' lang='lat' dir='ltr'>siones</span> <span class='ocrx_word' id='word_1_166' title='bbox 712 749 853 781; x_wconf 72' lang='lat' dir='ltr'>stellarum</span> <span class='ocrx_word' id='word_1_167' title='bbox 867 750 955 779; x_wconf 70' lang='lat' dir='ltr'>test-is</span> <span class='ocrx_word' id='word_1_168' title='bbox 971 751 1099 779; x_wconf 81' lang='lat' dir='ltr'>invenire</span> <span class='ocrx_word' id='word_1_169' title='bbox 1111 770 1119 782; x_wconf 92' lang='lat'>‚</span> <span class='ocrx_word' id='word_1_170' title='bbox 1141 759 1198 777; x_wconf 82' lang='lat' dir='ltr'>non</span> <span class='ocrx_word' id='word_1_171' title='bbox 1218 746 1308 776; x_wconf 88' lang='lat' dir='ltr'>solum</span> <span class='ocrx_word' id='word_1_172' title='bbox 1320 745 1540 788; x_wconf 75' lang='lat' dir='ltr'>horologiorum</span> 
     </span>
     <span class='ocr_line' id='line_1_19' title="bbox 308 788 1541 839; baseline -0.006 -14"><span class='ocrx_word' id='word_1_173' title='bbox 308 807 384 839; x_wconf 87' lang='lat' dir='ltr'>ope,</span> <span class='ocrx_word' id='word_1_174' title='bbox 406 794 451 826; x_wconf 89' lang='lat' dir='ltr'>sed</span> <span class='ocrx_word' id='word_1_175' title='bbox 471 799 556 827; x_wconf 71' lang='lat' dir='ltr'>etiam</span> <span class='ocrx_word' id='word_1_176' title='bbox 577 805 612 825; x_wconf 80' lang='lat' dir='ltr'>cx</span> <span class='ocrx_word' id='word_1_177' title='bbox 629 793 778 824; x_wconf 61' lang='lat' dir='ltr'>azimuaho</span> <span class='ocrx_word' id='word_1_178' title='bbox 792 792 867 824; x_wconf 84' lang='lat' dir='ltr'>Solis</span> <span class='ocrx_word' id='word_1_179' title='bbox 886 791 989 823; x_wconf 82' lang='lat' dir='ltr'>eodem</span> <span class='ocrx_word' id='word_1_180' title='bbox 1008 791 1121 836; x_wconf 80' lang='lat' dir='ltr'>prorsus</span> <span class='ocrx_word' id='word_1_181' title='bbox 1143 801 1270 833; x_wconf 84' lang='lat' dir='ltr'>tempore</span> <span class='ocrx_word' id='word_1_182' title='bbox 1284 788 1436 820; x_wconf 74' lang='lat' dir='ltr'>observato</span> <span class='ocrx_word' id='word_1_183' title='bbox 1449 814 1459 828; x_wconf 86' lang='lat'>‚</span> <span class='ocrx_word' id='word_1_184' title='bbox 1481 799 1541 832; x_wconf 68' lang='lat' dir='ltr'>(juo</span> 
     </span>
     <span class='ocr_line' id='line_1_20' title="bbox 310 835 936 879; baseline -0.003 -11"><span class='ocrx_word' id='word_1_185' title='bbox 310 837 375 870; x_wconf 81' lang='lat' dir='ltr'>fixae</span> <span class='ocrx_word' id='word_1_186' title='bbox 392 838 512 869; x_wconf 82' lang='lat' dir='ltr'>altitudo</span> <span class='ocrx_word' id='word_1_187' title='bbox 533 837 690 868; x_wconf 80' lang='lat' dir='ltr'>meridiana</span> <span class='ocrx_word' id='word_1_188' title='bbox 701 835 936 879; x_wconf 62' lang='lat' dir='ltr'>deprehenditur.</span> 
     </span>
    </p>

    <p class='ocr_par' dir='ltr' id='par_1_6' title="bbox 310 873 1547 1226">
     <span class='ocr_line' id='line_1_21' title="bbox 360 873 1541 924; baseline -0.007 -12"><span class='ocrx_word' id='word_1_189' title='bbox 360 883 416 914; x_wconf 91' lang='lat'>111.</span> <span class='ocrx_word' id='word_1_190' title='bbox 449 881 508 913; x_wconf 90' lang='lat' dir='ltr'>Sub</span> <span class='ocrx_word' id='word_1_191' title='bbox 518 882 595 912; x_wconf 84' lang='lat' dir='ltr'>idem</span> <span class='ocrx_word' id='word_1_192' title='bbox 610 892 719 924; x_wconf 79' lang='lat' dir='ltr'>tempus</span> <span class='ocrx_word' id='word_1_193' title='bbox 732 882 771 913; x_wconf 88' lang='lat' dir='ltr'>D.</span> <span class='ocrx_word' id='word_1_194' title='bbox 785 877 895 910; x_wconf 67' lang='lat' dir='ltr'>Cass&#39;mi</span> <span class='ocrx_word' id='word_1_195' title='bbox 912 890 944 909; x_wconf 84' lang='lat' dir='ltr'>ex</span> <span class='ocrx_word' id='word_1_196' title='bbox 959 877 1040 909; x_wconf 80' lang='lat' dir='ltr'>Italia</span> <span class='ocrx_word' id='word_1_197' title='bbox 1053 876 1090 909; x_wconf 85' lang='lat' dir='ltr'>ab</span> <span class='ocrx_word' id='word_1_198' title='bbox 1100 873 1292 909; x_wconf 58' lang='lat' dir='ltr'>Invi-stimmo</span> <span class='ocrx_word' id='word_1_199' title='bbox 1307 875 1387 917; x_wconf 86' lang='lat' dir='ltr'>Rege</span> <span class='ocrx_word' id='word_1_200' title='bbox 1401 900 1409 911; x_wconf 94' lang='lat'><em>‚</em></span> <span class='ocrx_word' id='word_1_201' title='bbox 1427 875 1541 906; x_wconf 84' lang='lat' dir='ltr'>summo</span> 
     </span>
     <span class='ocr_line' id='line_1_22' title="bbox 310 919 1544 967; baseline -0.007 -11"><span class='ocrx_word' id='word_1_202' title='bbox 310 928 414 956; x_wconf 87' lang='lat' dir='ltr'>artium</span> <span class='ocrx_word' id='word_1_203' title='bbox 429 925 608 955; x_wconf 83' lang='lat' dir='ltr'>honestarum</span> <span class='ocrx_word' id='word_1_204' title='bbox 622 935 743 967; x_wconf 81' lang='lat' dir='ltr'>patrono</span> <span class='ocrx_word' id='word_1_205' title='bbox 755 923 855 954; x_wconf 82' lang='lat' dir='ltr'>ascitus</span> <span class='ocrx_word' id='word_1_206' title='bbox 868 926 898 952; x_wconf 92' lang='lat' dir='ltr'>in</span> <span class='ocrx_word' id='word_1_207' title='bbox 916 920 1040 952; x_wconf 77' lang='lat' dir='ltr'>Galliam</span> <span class='ocrx_word' id='word_1_208' title='bbox 1054 923 1142 952; x_wconf 90' lang='lat' dir='ltr'>venit.</span> <span class='ocrx_word' id='word_1_209' title='bbox 1167 919 1294 951; x_wconf 77' lang='lat' dir='ltr'>Salutato</span> <span class='ocrx_word' id='word_1_210' title='bbox 1309 920 1389 960; x_wconf 82' lang='lat' dir='ltr'>Rege</span> <span class='ocrx_word' id='word_1_211' title='bbox 1407 921 1442 950; x_wconf 82' lang='lat' dir='ltr'>ad</span> <span class='ocrx_word' id='word_1_212' title='bbox 1457 929 1544 961; x_wconf 91' lang='lat' dir='ltr'>quem</span> 
     </span>
     <span class='ocr_line' id='line_1_23' title="bbox 313 961 1544 1005; baseline -0.005 -7"><span class='ocrx_word' id='word_1_213' title='bbox 313 967 329 997; x_wconf 73' lang='lat' dir='ltr'>a</span> <span class='ocrx_word' id='word_1_214' title='bbox 355 968 398 1001; x_wconf 91' lang='lat' dir='ltr'>D.</span> <span class='ocrx_word' id='word_1_215' title='bbox 423 967 546 998; x_wconf 85' lang='lat' dir='ltr'>Colbert</span> <span class='ocrx_word' id='word_1_216' title='bbox 575 966 709 998; x_wconf 77' lang='lat' dir='ltr'>admiffus</span> <span class='ocrx_word' id='word_1_217' title='bbox 728 965 782 997; x_wconf 88' lang='lat' dir='ltr'>fuit</span> <span class='ocrx_word' id='word_1_218' title='bbox 810 988 820 1002; x_wconf 86' lang='lat'>‚</span> <span class='ocrx_word' id='word_1_219' title='bbox 850 968 881 996; x_wconf 89' lang='lat' dir='ltr'>in</span> <span class='ocrx_word' id='word_1_220' title='bbox 905 964 1093 996; x_wconf 76' lang='lat' dir='ltr'>Academiam</span> <span class='ocrx_word' id='word_1_221' title='bbox 1117 975 1218 1005; x_wconf 80' lang='lat' dir='ltr'>magna</span> <span class='ocrx_word' id='word_1_222' title='bbox 1234 966 1365 993; x_wconf 81' lang='lat' dir='ltr'>omnium</span> <span class='ocrx_word' id='word_1_223' title='bbox 1389 961 1486 993; x_wconf 81' lang='lat' dir='ltr'>laetitia</span> <span class='ocrx_word' id='word_1_224' title='bbox 1505 961 1544 992; x_wconf 86' lang='lat' dir='ltr'>est</span> 
     </span>
     <span class='ocr_line' id='line_1_24' title="bbox 312 1003 1546 1055; baseline -0.005 -14"><span class='ocrx_word' id='word_1_225' title='bbox 312 1021 472 1055; x_wconf 78' lang='lat' dir='ltr'>cooptatus,</span> <span class='ocrx_word' id='word_1_226' title='bbox 505 1012 539 1041; x_wconf 90' lang='lat' dir='ltr'>In</span> <span class='ocrx_word' id='word_1_227' title='bbox 562 1009 718 1040; x_wconf 78' lang='lat' dir='ltr'>Academia</span> <span class='ocrx_word' id='word_1_228' title='bbox 743 1007 917 1040; x_wconf 73' lang='lat' dir='ltr'>Bononiensi</span> <span class='ocrx_word' id='word_1_229' title='bbox 941 1030 951 1043; x_wconf 93' lang='lat'>,</span> <span class='ocrx_word' id='word_1_230' title='bbox 985 1018 1047 1049; x_wconf 77' lang='lat' dir='ltr'>quae</span> <span class='ocrx_word' id='word_1_231' title='bbox 1073 1018 1134 1038; x_wconf 91' lang='lat' dir='ltr'>tum</span> <span class='ocrx_word' id='word_1_232' title='bbox 1153 1008 1291 1048; x_wconf 81' lang='lat' dir='ltr'>temporis</span> <span class='ocrx_word' id='word_1_233' title='bbox 1319 1005 1402 1036; x_wconf 84' lang='lat' dir='ltr'>claris</span> <span class='ocrx_word' id='word_1_234' title='bbox 1422 1003 1546 1036; x_wconf 79' lang='lat' dir='ltr'>florebat</span> 
     </span>
     <span class='ocr_line' id='line_1_25' title="bbox 314 1048 1545 1095; baseline -0.006 -10"><span class='ocrx_word' id='word_1_235' title='bbox 314 1054 497 1087; x_wconf 79' lang='lat' dir='ltr'>Astronomis</span> <span class='ocrx_word' id='word_1_236' title='bbox 511 1057 569 1095; x_wconf 70' lang='lat' dir='ltr'>jam</span> <span class='ocrx_word' id='word_1_237' title='bbox 586 1053 622 1084; x_wconf 87' lang='lat' dir='ltr'>ab</span> <span class='ocrx_word' id='word_1_238' title='bbox 640 1063 716 1083; x_wconf 90' lang='lat' dir='ltr'>anno</span> <span class='ocrx_word' id='word_1_239' title='bbox 738 1058 822 1094; x_wconf 80' lang='lat'>1650.</span> <span class='ocrx_word' id='word_1_240' title='bbox 848 1053 1012 1094; x_wconf 85' lang='lat' dir='ltr'>primariam</span> <span class='ocrx_word' id='word_1_241' title='bbox 1034 1051 1226 1081; x_wconf 80' lang='lat' dir='ltr'>Astronomiae</span> <span class='ocrx_word' id='word_1_242' title='bbox 1246 1048 1422 1080; x_wconf 73' lang='lat' dir='ltr'>cathedram</span> <span class='ocrx_word' id='word_1_243' title='bbox 1440 1059 1474 1080; x_wconf 82' lang='lat' dir='ltr'>ex</span> <span class='ocrx_word' id='word_1_244' title='bbox 1492 1049 1545 1078; x_wconf 84' lang='lat' dir='ltr'>Se-</span> 
     </span>
     <span class='ocr_line' id='line_1_26' title="bbox 315 1089 1546 1138; baseline -0.006 -10"><span class='ocrx_word' id='word_1_245' title='bbox 315 1108 395 1128; x_wconf 86' lang='lat' dir='ltr'>natus</span> <span class='ocrx_word' id='word_1_246' title='bbox 413 1097 543 1128; x_wconf 87' lang='lat' dir='ltr'>consulto</span> <span class='ocrx_word' id='word_1_247' title='bbox 560 1099 620 1138; x_wconf 83' lang='lat' dir='ltr'>ejus</span> <span class='ocrx_word' id='word_1_248' title='bbox 637 1098 758 1128; x_wconf 82' lang='lat' dir='ltr'>civitatis</span> <span class='ocrx_word' id='word_1_249' title='bbox 774 1094 931 1126; x_wconf 82' lang='lat' dir='ltr'>obtinebat.</span> <span class='ocrx_word' id='word_1_250' title='bbox 967 1094 1061 1125; x_wconf 79' lang='lat' dir='ltr'>Multa</span> <span class='ocrx_word' id='word_1_251' title='bbox 1078 1096 1185 1136; x_wconf 87' lang='lat' dir='ltr'>ingenii</span> <span class='ocrx_word' id='word_1_252' title='bbox 1207 1089 1246 1123; x_wconf 89' lang='lat' dir='ltr'>sui</span> <span class='ocrx_word' id='word_1_253' title='bbox 1269 1096 1298 1123; x_wconf 72' lang='grc' dir='ltr'>δε</span> <span class='ocrx_word' id='word_1_254' title='bbox 1315 1091 1454 1122; x_wconf 65' lang='lat' dir='ltr'>doetrinae</span> <span class='ocrx_word' id='word_1_255' title='bbox 1469 1103 1500 1121; x_wconf 82' lang='lat' dir='ltr'>ea</span> <span class='ocrx_word' id='word_1_256' title='bbox 1515 1094 1546 1122; x_wconf 84' lang='lat' dir='ltr'>itt</span> 
     </span>
     <span class='ocr_line' id='line_1_27' title="bbox 314 1133 1547 1182; baseline -0.006 -11"><span class='ocrx_word' id='word_1_257' title='bbox 314 1139 384 1171; x_wconf 87' lang='lat' dir='ltr'>urbe</span> <span class='ocrx_word' id='word_1_258' title='bbox 402 1139 530 1171; x_wconf 81' lang='lat' dir='ltr'>ediderat</span> <span class='ocrx_word' id='word_1_259' title='bbox 546 1139 697 1182; x_wconf 79' lang='lat' dir='ltr'>specimina</span> <span class='ocrx_word' id='word_1_260' title='bbox 711 1160 720 1173; x_wconf 91' lang='lat'>‚</span> <span class='ocrx_word' id='word_1_261' title='bbox 741 1137 814 1169; x_wconf 83' lang='lat' dir='ltr'>illud</span> <span class='ocrx_word' id='word_1_262' title='bbox 832 1139 974 1179; x_wconf 77' lang='lat' dir='ltr'>imprimis</span> <span class='ocrx_word' id='word_1_263' title='bbox 1008 1136 1065 1167; x_wconf 91' lang='lat' dir='ltr'>uod</span> <span class='ocrx_word' id='word_1_264' title='bbox 1085 1148 1160 1168; x_wconf 85' lang='lat' dir='ltr'>anno</span> <span class='ocrx_word' id='word_1_265' title='bbox 1174 1140 1254 1177; x_wconf 75' lang='lat'><em>1656.</em></span> <span class='ocrx_word' id='word_1_266' title='bbox 1268 1134 1374 1179; x_wconf 85' lang='lat' dir='ltr'>publici</span> <span class='ocrx_word' id='word_1_267' title='bbox 1384 1137 1455 1175; x_wconf 80' lang='lat' dir='ltr'>juris</span> <span class='ocrx_word' id='word_1_268' title='bbox 1468 1133 1547 1169; x_wconf 84' lang='lat' dir='ltr'>fecit,</span> 
     </span>
     <span class='ocr_line' id='line_1_28' title="bbox 315 1148 1032 1226; baseline -0.008 -10"><span class='ocrx_word' id='word_1_269' title='bbox 315 1182 449 1226; x_wconf 81' lang='lat' dir='ltr'>quodque</span> <span class='ocrx_word' id='word_1_270' title='bbox 469 1182 610 1225; x_wconf 83' lang='lat' dir='ltr'>specimen</span> <span class='ocrx_word' id='word_1_271' title='bbox 631 1180 865 1212; x_wconf 84' lang='lat' dir='ltr'>observationum</span> <span class='ocrx_word' id='word_1_272' title='bbox 883 1148 1032 1223; x_wconf 45' lang='lat' dir='ltr'>inscripiit.</span> 
     </span>
    </p>

    <p class='ocr_par' dir='ltr' id='par_1_7' title="bbox 318 1222 1552 1568">
     <span class='ocr_line' id='line_1_29' title="bbox 366 1222 1547 1265; baseline -0.005 -9"><span class='ocrx_word' id='word_1_273' title='bbox 366 1227 399 1256; x_wconf 89' lang='lat' dir='ltr'>ln</span> <span class='ocrx_word' id='word_1_274' title='bbox 417 1225 475 1256; x_wconf 81' lang='lat' dir='ltr'>aede</span> <span class='ocrx_word' id='word_1_275' title='bbox 495 1227 523 1256; x_wconf 84' lang='lat' dir='ltr'>S.</span> <span class='ocrx_word' id='word_1_276' title='bbox 542 1225 669 1255; x_wconf 86' lang='lat' dir='ltr'>Petronii</span> <span class='ocrx_word' id='word_1_277' title='bbox 685 1225 873 1254; x_wconf 87' lang='lat' dir='ltr'>Gnomonern</span> <span class='ocrx_word' id='word_1_278' title='bbox 889 1226 929 1264; x_wconf 75' lang='lat'>83.</span> <span class='ocrx_word' id='word_1_279' title='bbox 949 1223 1054 1265; x_wconf 88' lang='lat' dir='ltr'>pedum</span> <span class='ocrx_word' id='word_1_280' title='bbox 1073 1222 1239 1252; x_wconf 82' lang='lat' dir='ltr'>authoritate</span> <span class='ocrx_word' id='word_1_281' title='bbox 1259 1222 1377 1251; x_wconf 82' lang='lat' dir='ltr'>Senatus</span> <span class='ocrx_word' id='word_1_282' title='bbox 1400 1231 1524 1250; x_wconf 80' lang='lat' dir='ltr'>erexerat</span> <span class='ocrx_word' id='word_1_283' title='bbox 1537 1242 1547 1256; x_wconf 92' lang='lat'>,</span> 
     </span>
     <span class='ocr_line' id='line_1_30' title="bbox 318 1263 1549 1309; baseline -0.006 -9"><span class='ocrx_word' id='word_1_284' title='bbox 318 1272 363 1300; x_wconf 83' lang='lat' dir='ltr'>cui</span> <span class='ocrx_word' id='word_1_285' title='bbox 384 1268 482 1300; x_wconf 78' lang='lat' dir='ltr'>semita</span> <span class='ocrx_word' id='word_1_286' title='bbox 497 1279 656 1298; x_wconf 87' lang='lat' dir='ltr'>marmorea</span> <span class='ocrx_word' id='word_1_287' title='bbox 670 1278 734 1297; x_wconf 86' lang='lat'>210.</span> <span class='ocrx_word' id='word_1_288' title='bbox 751 1266 854 1309; x_wconf 87' lang='lat' dir='ltr'>pedum</span> <span class='ocrx_word' id='word_1_289' title='bbox 866 1269 896 1296; x_wconf 90' lang='lat' dir='ltr'>in</span> <span class='ocrx_word' id='word_1_290' title='bbox 914 1276 1004 1309; x_wconf 82' lang='lat' dir='ltr'>partes</span> <span class='ocrx_word' id='word_1_291' title='bbox 1021 1264 1110 1296; x_wconf 76' lang='lat' dir='ltr'>divisa</span> <span class='ocrx_word' id='word_1_292' title='bbox 1123 1290 1131 1303; x_wconf 87' lang='lat'>‚</span> <span class='ocrx_word' id='word_1_293' title='bbox 1152 1276 1209 1308; x_wconf 91' lang='lat' dir='ltr'>quo</span> <span class='ocrx_word' id='word_1_294' title='bbox 1224 1264 1434 1294; x_wconf 79' lang='lat' dir='ltr'>Astronomicis</span> <span class='ocrx_word' id='word_1_295' title='bbox 1452 1263 1549 1293; x_wconf 85' lang='lat' dir='ltr'>calcu-</span> 
     </span>
     <span class='ocr_line' id='line_1_31' title="bbox 319 1305 1550 1350; baseline -0.003 -8"><span class='ocrx_word' id='word_1_296' title='bbox 319 1310 356 1342; x_wconf 86' lang='lat' dir='ltr'>lis</span> <span class='ocrx_word' id='word_1_297' title='bbox 370 1311 436 1343; x_wconf 78' lang='lat' dir='ltr'>esset</span> <span class='ocrx_word' id='word_1_298' title='bbox 451 1309 664 1343; x_wconf 88' lang='lat' dir='ltr'>accommodata</span> <span class='ocrx_word' id='word_1_299' title='bbox 680 1333 688 1345; x_wconf 96' lang='lat'>‚</span> <span class='ocrx_word' id='word_1_300' title='bbox 711 1308 945 1340; x_wconf 80' lang='lat' dir='ltr'>substernebatur.</span> <span class='ocrx_word' id='word_1_301' title='bbox 972 1310 1068 1350; x_wconf 83' lang='lat' dir='ltr'>Hujus</span> <span class='ocrx_word' id='word_1_302' title='bbox 1081 1309 1244 1339; x_wconf 84' lang='lat' dir='ltr'>Gnomonis</span> <span class='ocrx_word' id='word_1_303' title='bbox 1257 1318 1311 1350; x_wconf 88' lang='lat' dir='ltr'>ope</span> <span class='ocrx_word' id='word_1_304' title='bbox 1331 1307 1452 1337; x_wconf 84' lang='lat' dir='ltr'>Zodiaci</span> <span class='ocrx_word' id='word_1_305' title='bbox 1472 1305 1550 1338; x_wconf 81' lang='lat' dir='ltr'>obli-</span> 
     </span>
     <span class='ocr_line' id='line_1_32' title="bbox 320 1348 1551 1396; baseline -0.006 -11"><span class='ocrx_word' id='word_1_306' title='bbox 320 1357 458 1396; x_wconf 83' lang='lat' dir='ltr'>quitatem</span> <span class='ocrx_word' id='word_1_307' title='bbox 473 1377 482 1389; x_wconf 88' lang='lat'>,</span> <span class='ocrx_word' id='word_1_308' title='bbox 501 1354 576 1386; x_wconf 83' lang='lat' dir='ltr'>Solis</span> <span class='ocrx_word' id='word_1_309' title='bbox 600 1354 761 1396; x_wconf 77' lang='lat' dir='ltr'>Apogaeum</span> <span class='ocrx_word' id='word_1_310' title='bbox 784 1357 813 1383; x_wconf 61' lang='grc' dir='ltr'>δέ</span> <span class='ocrx_word' id='word_1_311' title='bbox 831 1354 1071 1383; x_wconf 80' lang='lat' dir='ltr'>excentricitatem</span> <span class='ocrx_word' id='word_1_312' title='bbox 1091 1349 1178 1392; x_wconf 56' lang='lat' dir='ltr'>quiam</span> <span class='ocrx_word' id='word_1_313' title='bbox 1195 1348 1397 1382; x_wconf 68' lang='lat' dir='ltr'>accuratissime</span> <span class='ocrx_word' id='word_1_314' title='bbox 1413 1349 1476 1379; x_wconf 87' lang='lat' dir='ltr'>fieri</span> <span class='ocrx_word' id='word_1_315' title='bbox 1497 1361 1551 1390; x_wconf 86' lang='lat' dir='ltr'>po.-</span> 
     </span>
     <span class='ocr_line' id='line_1_33' title="bbox 322 1391 1551 1436; baseline -0.004 -9"><span class='ocrx_word' id='word_1_316' title='bbox 322 1399 376 1427; x_wconf 93' lang='lat' dir='ltr'>tuit</span> <span class='ocrx_word' id='word_1_317' title='bbox 400 1397 519 1428; x_wconf 77' lang='lat' dir='ltr'>dcfmita</span> <span class='ocrx_word' id='word_1_318' title='bbox 546 1396 662 1429; x_wconf 81' lang='lat' dir='ltr'>tradidit</span> <span class='ocrx_word' id='word_1_319' title='bbox 696 1407 703 1429; x_wconf 76' lang='lat'>3</span> <span class='ocrx_word' id='word_1_320' title='bbox 732 1395 830 1428; x_wconf 72' lang='lat' dir='ltr'>mon&#39;is</span> <span class='ocrx_word' id='word_1_321' title='bbox 859 1394 964 1426; x_wconf 84' lang='lat' dir='ltr'>Solaris</span> <span class='ocrx_word' id='word_1_322' title='bbox 991 1397 1117 1435; x_wconf 84' lang='lat' dir='ltr'>opticam</span> <span class='ocrx_word' id='word_1_323' title='bbox 1148 1392 1369 1436; x_wconf 64' lang='lat' dir='ltr'>inaequalitatem</span> <span class='ocrx_word' id='word_1_324' title='bbox 1395 1392 1410 1421; x_wconf 73' lang='lat' dir='ltr'>a</span> <span class='ocrx_word' id='word_1_325' title='bbox 1433 1391 1551 1432; x_wconf 75' lang='lat' dir='ltr'>Physica</span> 
     </span>
     <span class='ocr_line' id='line_1_34' title="bbox 324 1437 1551 1481; baseline -0.004 -11"><span class='ocrx_word' id='word_1_326' title='bbox 324 1439 486 1471; x_wconf 57' lang='lat' dir='ltr'>distinctam</span> <span class='ocrx_word' id='word_1_327' title='bbox 504 1440 625 1470; x_wconf 73' lang='lat' dir='ltr'>osttndit</span> <span class='ocrx_word' id='word_1_328' title='bbox 639 1462 647 1474; x_wconf 85' lang='lat'><em>‚</em></span> <span class='ocrx_word' id='word_1_329' title='bbox 674 1438 760 1481; x_wconf 81' lang='lat' dir='ltr'>idque</span> <span class='ocrx_word' id='word_1_330' title='bbox 787 1438 858 1468; x_wconf 85' lang='lat' dir='ltr'>adeo</span> <span class='ocrx_word' id='word_1_331' title='bbox 875 1438 1021 1468; x_wconf 64' lang='lat' dir='ltr'>manifeste-</span> <span class='ocrx_word' id='word_1_332' title='bbox 1040 1449 1069 1467; x_wconf 89' lang='lat' dir='ltr'>ut</span> <span class='ocrx_word' id='word_1_333' title='bbox 1095 1437 1260 1467; x_wconf 84' lang='lat' dir='ltr'>Astronomi</span> <span class='ocrx_word' id='word_1_334' title='bbox 1287 1439 1382 1479; x_wconf 64' lang='lat' dir='ltr'>magni</span> <span class='ocrx_word' id='word_1_335' title='bbox 1402 1438 1551 1471; x_wconf 80' lang='lat' dir='ltr'>nominis,</span> 
     </span>
     <span class='ocr_line' id='line_1_35' title="bbox 324 1479 1552 1526; baseline -0.004 -13"><span class='ocrx_word' id='word_1_336' title='bbox 324 1485 374 1524; x_wconf 89' lang='lat' dir='ltr'>qui</span> <span class='ocrx_word' id='word_1_337' title='bbox 396 1483 481 1526; x_wconf 84' lang='lat' dir='ltr'>paulo</span> <span class='ocrx_word' id='word_1_338' title='bbox 507 1495 570 1514; x_wconf 88' lang='lat' dir='ltr'>ante</span> <span class='ocrx_word' id='word_1_339' title='bbox 597 1495 658 1513; x_wconf 83' lang='lat' dir='ltr'>eam</span> <span class='ocrx_word' id='word_1_340' title='bbox 676 1492 830 1524; x_wconf 69' lang='lat' dir='ltr'>rejecerant</span> <span class='ocrx_word' id='word_1_341' title='bbox 850 1505 860 1519; x_wconf 84' lang='lat'><strong>,</strong></span> <span class='ocrx_word' id='word_1_342' title='bbox 880 1483 910 1511; x_wconf 83' lang='lat' dir='ltr'>in</span> <span class='ocrx_word' id='word_1_343' title='bbox 929 1480 1010 1512; x_wconf 88' lang='lat' dir='ltr'>editis</span> <span class='ocrx_word' id='word_1_344' title='bbox 1034 1480 1127 1524; x_wconf 73' lang='lat' dir='ltr'>postca</span> <span class='ocrx_word' id='word_1_345' title='bbox 1147 1481 1254 1523; x_wconf 82' lang='lat' dir='ltr'>scriptis</span> <span class='ocrx_word' id='word_1_346' title='bbox 1277 1479 1349 1509; x_wconf 87' lang='lat' dir='ltr'>hanc</span> <span class='ocrx_word' id='word_1_347' title='bbox 1371 1479 1448 1510; x_wconf 91' lang='lat' dir='ltr'>ultro</span> <span class='ocrx_word' id='word_1_348' title='bbox 1474 1489 1552 1509; x_wconf 86' lang='lat' dir='ltr'>tecc-</span> 
     </span>
     <span class='ocr_line' id='line_1_36' title="bbox 326 1537 429 1568; baseline 0.01 -13"><span class='ocrx_word' id='word_1_349' title='bbox 326 1537 429 1568; x_wconf 76' lang='lat' dir='ltr'>perine.</span> 
     </span>
    </p>

    <p class='ocr_par' dir='ltr' id='par_1_8' title="bbox 324 1563 1575 2084">
     <span class='ocr_line' id='line_1_37' title="bbox 369 1563 1553 1609; baseline -0.004 -10"><span class='ocrx_word' id='word_1_350' title='bbox 369 1570 460 1600; x_wconf 83' lang='lat' dir='ltr'>Mitto</span> <span class='ocrx_word' id='word_1_351' title='bbox 480 1568 514 1598; x_wconf 88' lang='lat' dir='ltr'>de</span> <span class='ocrx_word' id='word_1_352' title='bbox 534 1566 748 1598; x_wconf 68' lang='lat' dir='ltr'>tefraffionibus</span> <span class='ocrx_word' id='word_1_353' title='bbox 768 1566 861 1598; x_wconf 81' lang='lat' dir='ltr'>dicere</span> <span class='ocrx_word' id='word_1_354' title='bbox 873 1577 941 1609; x_wconf 86' lang='lat' dir='ltr'>quas</span> <span class='ocrx_word' id='word_1_355' title='bbox 960 1565 1013 1598; x_wconf 83' lang='lat' dir='ltr'>effe</span> <span class='ocrx_word' id='word_1_356' title='bbox 1027 1565 1166 1597; x_wconf 56' lang='lat' dir='ltr'>sensibiles</span> <span class='ocrx_word' id='word_1_357' title='bbox 1184 1566 1257 1596; x_wconf 79' lang='lat' dir='ltr'>ultra</span> <span class='ocrx_word' id='word_1_358' title='bbox 1270 1576 1317 1605; x_wconf 84' lang='lat'>45.</span> <span class='ocrx_word' id='word_1_359' title='bbox 1332 1565 1435 1607; x_wconf 81' lang='lat' dir='ltr'>gradus</span> <span class='ocrx_word' id='word_1_360' title='bbox 1449 1567 1478 1595; x_wconf 60' lang='grc' dir='ltr'>Β(</span> <span class='ocrx_word' id='word_1_361' title='bbox 1496 1563 1553 1594; x_wconf 86' lang='lat' dir='ltr'>fere</span> 
     </span>
     <span class='ocr_line' id='line_1_38' title="bbox 324 1606 1554 1653; baseline -0.003 -11"><span class='ocrx_word' id='word_1_362' title='bbox 324 1611 411 1653; x_wconf 85' lang='lat' dir='ltr'>usque</span> <span class='ocrx_word' id='word_1_363' title='bbox 431 1611 464 1641; x_wconf 84' lang='lat' dir='ltr'>ad</span> <span class='ocrx_word' id='word_1_364' title='bbox 480 1615 615 1641; x_wconf 62' lang='lat' dir='ltr'>verticem</span> <span class='ocrx_word' id='word_1_365' title='bbox 634 1610 846 1641; x_wconf 69' lang='lat' dir='ltr'>demonstravit.</span> <span class='ocrx_word' id='word_1_366' title='bbox 880 1612 973 1653; x_wconf 85' lang='lat' dir='ltr'>Atque</span> <span class='ocrx_word' id='word_1_367' title='bbox 992 1610 1058 1641; x_wconf 88' lang='lat' dir='ltr'>hinc</span> <span class='ocrx_word' id='word_1_368' title='bbox 1077 1608 1135 1653; x_wconf 87' lang='lat' dir='ltr'>poli</span> <span class='ocrx_word' id='word_1_369' title='bbox 1151 1631 1160 1644; x_wconf 97' lang='lat'>‚</span> <span class='ocrx_word' id='word_1_370' title='bbox 1184 1613 1212 1640; x_wconf 82' lang='lat'>&amp;</span> <span class='ocrx_word' id='word_1_371' title='bbox 1226 1610 1302 1640; x_wconf 85' lang='lat' dir='ltr'>Solis</span> <span class='ocrx_word' id='word_1_372' title='bbox 1318 1612 1391 1639; x_wconf 84' lang='lat' dir='ltr'>circa</span> <span class='ocrx_word' id='word_1_373' title='bbox 1407 1606 1554 1638; x_wconf 80' lang='lat' dir='ltr'>solstitium</span> 
     </span>
     <span class='ocr_line' id='line_1_39' title="bbox 326 1649 1555 1695; baseline -0.006 -10"><span class='ocrx_word' id='word_1_374' title='bbox 326 1655 452 1686; x_wconf 77' lang='lat' dir='ltr'>aestivum</span> <span class='ocrx_word' id='word_1_375' title='bbox 468 1654 632 1685; x_wconf 77' lang='lat' dir='ltr'>altitudines</span> <span class='ocrx_word' id='word_1_376' title='bbox 645 1656 749 1695; x_wconf 78' lang='lat' dir='ltr'>corrigi</span> <span class='ocrx_word' id='word_1_377' title='bbox 765 1664 897 1695; x_wconf 86' lang='lat' dir='ltr'>oportere</span> <span class='ocrx_word' id='word_1_378' title='bbox 910 1652 1074 1684; x_wconf 86' lang='lat' dir='ltr'>conclusum</span> <span class='ocrx_word' id='word_1_379' title='bbox 1093 1652 1127 1683; x_wconf 86' lang='lat' dir='ltr'>ab</span> <span class='ocrx_word' id='word_1_380' title='bbox 1140 1663 1174 1684; x_wconf 86' lang='lat' dir='ltr'>eo</span> <span class='ocrx_word' id='word_1_381' title='bbox 1193 1651 1258 1683; x_wconf 87' lang='lat' dir='ltr'>fuit.</span> <span class='ocrx_word' id='word_1_382' title='bbox 1291 1651 1394 1682; x_wconf 85' lang='lat' dir='ltr'>Iisdem</span> <span class='ocrx_word' id='word_1_383' title='bbox 1409 1649 1467 1681; x_wconf 81' lang='lat' dir='ltr'>fere</span> <span class='ocrx_word' id='word_1_384' title='bbox 1482 1661 1555 1680; x_wconf 90' lang='lat' dir='ltr'>tem-</span> 
     </span>
     <span class='ocr_line' id='line_1_40' title="bbox 326 1693 1556 1739; baseline -0.004 -11"><span class='ocrx_word' id='word_1_385' title='bbox 326 1697 445 1739; x_wconf 75' lang='lat' dir='ltr'>poribus</span> <span class='ocrx_word' id='word_1_386' title='bbox 468 1697 604 1727; x_wconf 79' lang='lat' dir='ltr'>elementa</span> <span class='ocrx_word' id='word_1_387' title='bbox 622 1696 713 1727; x_wconf 84' lang='lat' dir='ltr'>edidit</span> <span class='ocrx_word' id='word_1_388' title='bbox 728 1707 756 1726; x_wconf 83' lang='lat' dir='ltr'>in</span> <span class='ocrx_word' id='word_1_389' title='bbox 779 1696 870 1728; x_wconf 84' lang='lat' dir='ltr'>lucem</span> <span class='ocrx_word' id='word_1_390' title='bbox 883 1719 891 1732; x_wconf 92' lang='lat'><em>,</em></span> <span class='ocrx_word' id='word_1_391' title='bbox 914 1696 930 1726; x_wconf 81' lang='grc' dir='ltr'>ὲ</span> <span class='ocrx_word' id='word_1_392' title='bbox 948 1697 1051 1739; x_wconf 79' lang='lat' dir='ltr'>quibus</span> <span class='ocrx_word' id='word_1_393' title='bbox 1070 1697 1204 1726; x_wconf 81' lang='lat' dir='ltr'>Marchio</span> <span class='ocrx_word' id='word_1_394' title='bbox 1224 1693 1359 1726; x_wconf 77' lang='lat' dir='ltr'>Malvasu</span> <span class='ocrx_word' id='word_1_395' title='bbox 1372 1705 1447 1724; x_wconf 83' lang='lat' dir='ltr'>anno</span> <span class='ocrx_word' id='word_1_396' title='bbox 1467 1698 1556 1726; x_wconf 81' lang='lat'>1661.</span> 
     </span>
     <span class='ocr_line' id='line_1_41' title="bbox 327 1737 1556 1782; baseline -0.004 -12"><span class='ocrx_word' id='word_1_397' title='bbox 327 1740 530 1782; x_wconf 83' lang='lat' dir='ltr'>Ephemetides</span> <span class='ocrx_word' id='word_1_398' title='bbox 549 1739 623 1770; x_wconf 81' lang='lat' dir='ltr'>Solis</span> <span class='ocrx_word' id='word_1_399' title='bbox 638 1741 784 1770; x_wconf 82' lang='lat' dir='ltr'>contexuit</span> <span class='ocrx_word' id='word_1_400' title='bbox 798 1750 865 1780; x_wconf 78' lang='lat' dir='ltr'>quas</span> <span class='ocrx_word' id='word_1_401' title='bbox 877 1742 1073 1771; x_wconf 74' lang='lat' dir='ltr'>Montananus</span> <span class='ocrx_word' id='word_1_402' title='bbox 1095 1743 1125 1770; x_wconf 82' lang='lat'>&amp;</span> <span class='ocrx_word' id='word_1_403' title='bbox 1144 1738 1190 1769; x_wconf 84' lang='lat' dir='ltr'>alii</span> <span class='ocrx_word' id='word_1_404' title='bbox 1213 1738 1247 1769; x_wconf 83' lang='lat' dir='ltr'>ad</span> <span class='ocrx_word' id='word_1_405' title='bbox 1263 1737 1368 1769; x_wconf 84' lang='lat' dir='ltr'>multos</span> <span class='ocrx_word' id='word_1_406' title='bbox 1385 1749 1473 1768; x_wconf 82' lang='lat' dir='ltr'>annos</span> <span class='ocrx_word' id='word_1_407' title='bbox 1487 1747 1556 1780; x_wconf 85' lang='lat' dir='ltr'>pro-</span> 
     </span>
     <span class='ocr_line' id='line_1_42' title="bbox 325 1778 1575 1825; baseline -0.003 -12"><span class='ocrx_word' id='word_1_408' title='bbox 325 1783 441 1815; x_wconf 83' lang='lat' dir='ltr'>duxere.</span> <span class='ocrx_word' id='word_1_409' title='bbox 474 1785 606 1825; x_wconf 80' lang='lat' dir='ltr'>Longum</span> <span class='ocrx_word' id='word_1_410' title='bbox 631 1780 696 1812; x_wconf 63' lang='lat' dir='ltr'>effe-t</span> <span class='ocrx_word' id='word_1_411' title='bbox 718 1793 944 1813; x_wconf 74' lang='lat' dir='ltr'>commemorare</span> <span class='ocrx_word' id='word_1_412' title='bbox 968 1794 1030 1824; x_wconf 78' lang='lat' dir='ltr'>quae</span> <span class='ocrx_word' id='word_1_413' title='bbox 1048 1786 1120 1813; x_wconf 82' lang='lat' dir='ltr'>circa</span> <span class='ocrx_word' id='word_1_414' title='bbox 1141 1781 1282 1812; x_wconf 71' lang='lat' dir='ltr'>Solarium</span> <span class='ocrx_word' id='word_1_415' title='bbox 1305 1780 1445 1824; x_wconf 64' lang='lat' dir='ltr'>eclipseos]</span> <span class='ocrx_word' id='word_1_416' title='bbox 1474 1778 1575 1810; x_wconf 62' lang='lat' dir='ltr'>variis*</span> 
     </span>
     <span class='ocr_line' id='line_1_43' title="bbox 327 1822 1557 1868; baseline -0.003 -12"><span class='ocrx_word' id='word_1_417' title='bbox 327 1829 357 1856; x_wconf 91' lang='lat' dir='ltr'>in</span> <span class='ocrx_word' id='word_1_418' title='bbox 380 1826 545 1868; x_wconf 74' lang='lat' dir='ltr'>regionibus</span> <span class='ocrx_word' id='word_1_419' title='bbox 570 1828 660 1856; x_wconf 84' lang='lat' dir='ltr'>varias</span> <span class='ocrx_word' id='word_1_420' title='bbox 684 1824 782 1866; x_wconf 82' lang='lat' dir='ltr'>phases</span> <span class='ocrx_word' id='word_1_421' title='bbox 812 1836 888 1856; x_wconf 82' lang='lat' dir='ltr'>nova</span> <span class='ocrx_word' id='word_1_422' title='bbox 913 1826 1052 1857; x_wconf 85' lang='lat' dir='ltr'>methodo</span> <span class='ocrx_word' id='word_1_423' title='bbox 1071 1825 1226 1856; x_wconf 71' lang='lat' dir='ltr'>delineatas</span> <span class='ocrx_word' id='word_1_424' title='bbox 1249 1824 1376 1867; x_wconf 66' lang='lat' dir='ltr'>exposuit</span> <span class='ocrx_word' id='word_1_425' title='bbox 1396 1847 1405 1860; x_wconf 89' lang='lat'><em>‚</em></span> <span class='ocrx_word' id='word_1_426' title='bbox 1434 1835 1495 1868; x_wconf 75' lang='lat' dir='ltr'>qua:</span> <span class='ocrx_word' id='word_1_427' title='bbox 1521 1822 1557 1853; x_wconf 89' lang='lat' dir='ltr'>de</span> 
     </span>
     <span class='ocr_line' id='line_1_44' title="bbox 328 1866 1558 1909; baseline -0.003 -10"><span class='ocrx_word' id='word_1_428' title='bbox 328 1869 461 1899; x_wconf 82' lang='lat' dir='ltr'>Cometis</span> <span class='ocrx_word' id='word_1_429' title='bbox 477 1871 558 1899; x_wconf 81' lang='lat' dir='ltr'>annis</span> <span class='ocrx_word' id='word_1_430' title='bbox 582 1873 671 1901; x_wconf 78' lang='lat'><em>1664.</em></span> <span class='ocrx_word' id='word_1_431' title='bbox 685 1871 715 1898; x_wconf 62' lang='grc' dir='ltr'>ἕ(</span> <span class='ocrx_word' id='word_1_432' title='bbox 733 1872 778 1905; x_wconf 87' lang='lat'>65.</span> <span class='ocrx_word' id='word_1_433' title='bbox 802 1868 864 1899; x_wconf 81' lang='lat' dir='ltr'>visis</span> <span class='ocrx_word' id='word_1_434' title='bbox 880 1891 889 1904; x_wconf 90' lang='lat'>,</span> <span class='ocrx_word' id='word_1_435' title='bbox 911 1868 945 1899; x_wconf 76' lang='lat' dir='ltr'>dc</span> <span class='ocrx_word' id='word_1_436' title='bbox 958 1869 1068 1900; x_wconf 84' lang='lat' dir='ltr'>umbris</span> <span class='ocrx_word' id='word_1_437' title='bbox 1085 1866 1235 1898; x_wconf 67' lang='lat' dir='ltr'>satellitum</span> <span class='ocrx_word' id='word_1_438' title='bbox 1249 1868 1332 1909; x_wconf 75' lang='lat' dir='ltr'>jovis</span> <span class='ocrx_word' id='word_1_439' title='bbox 1350 1890 1358 1902; x_wconf 90' lang='lat'>,</span> <span class='ocrx_word' id='word_1_440' title='bbox 1371 1879 1440 1909; x_wconf 77' lang='lat' dir='ltr'>quas</span> <span class='ocrx_word' id='word_1_441' title='bbox 1461 1869 1558 1909; x_wconf 88' lang='lat' dir='ltr'>utique</span> 
     </span>
     <span class='ocr_line' id='line_1_45' title="bbox 328 1908 1559 1955; baseline -0.003 -13"><span class='ocrx_word' id='word_1_442' title='bbox 328 1915 361 1943; x_wconf 79' lang='lat' dir='ltr'>iis</span> <span class='ocrx_word' id='word_1_443' title='bbox 381 1911 559 1955; x_wconf 77' lang='lat' dir='ltr'>temporibus</span> <span class='ocrx_word' id='word_1_444' title='bbox 579 1911 708 1946; x_wconf 79' lang='lat' dir='ltr'>detexit,</span> <span class='ocrx_word' id='word_1_445' title='bbox 733 1909 768 1940; x_wconf 80' lang='lat' dir='ltr'>de</span> <span class='ocrx_word' id='word_1_446' title='bbox 792 1911 972 1943; x_wconf 82' lang='lat' dir='ltr'>revolutione</span> <span class='ocrx_word' id='word_1_447' title='bbox 986 1910 1118 1943; x_wconf 70' lang='lat' dir='ltr'>citiss&#39;tma</span> <span class='ocrx_word' id='word_1_448' title='bbox 1139 1911 1408 1952; x_wconf 56' lang='lat' dir='ltr'>maculatum-lovis</span> <span class='ocrx_word' id='word_1_449' title='bbox 1421 1933 1430 1945; x_wconf 95' lang='lat'><em>‚</em></span> <span class='ocrx_word' id='word_1_450' title='bbox 1452 1910 1488 1941; x_wconf 91' lang='lat' dir='ltr'>de</span> <span class='ocrx_word' id='word_1_451' title='bbox 1505 1908 1559 1939; x_wconf 88' lang='lat' dir='ltr'>ob-</span> 
     </span>
     <span class='ocr_line' id='line_1_46' title="bbox 329 1953 1558 1996; baseline -0.002 -11"><span class='ocrx_word' id='word_1_452' title='bbox 329 1954 443 1986; x_wconf 79' lang='lat' dir='ltr'>servatis</span> <span class='ocrx_word' id='word_1_453' title='bbox 463 1955 478 1984; x_wconf 69' lang='lat' dir='ltr'><strong>i</strong></span> <span class='ocrx_word' id='word_1_454' title='bbox 503 1954 527 1984; x_wconf 88' lang='lat' dir='ltr'>sc</span> <span class='ocrx_word' id='word_1_455' title='bbox 541 1955 658 1984; x_wconf 79' lang='lat' dir='ltr'>maculis</span> <span class='ocrx_word' id='word_1_456' title='bbox 683 1955 785 1984; x_wconf 77' lang='lat' dir='ltr'>Martis</span> <span class='ocrx_word' id='word_1_457' title='bbox 801 1953 973 1996; x_wconf 84' lang='lat' dir='ltr'>conscripsit.</span> <span class='ocrx_word' id='word_1_458' title='bbox 999 1956 1051 1986; x_wconf 77' lang='lat' dir='ltr'>Ista</span> <span class='ocrx_word' id='word_1_459' title='bbox 1066 1957 1142 1984; x_wconf 80' lang='lat' dir='ltr'>enim</span> <span class='ocrx_word' id='word_1_460' title='bbox 1157 1954 1211 1984; x_wconf 80' lang='lat' dir='ltr'>lio:</span> <span class='ocrx_word' id='word_1_461' title='bbox 1226 1953 1291 1985; x_wconf 89' lang='lat' dir='ltr'>loco</span> <span class='ocrx_word' id='word_1_462' title='bbox 1305 1953 1367 1985; x_wconf 79' lang='lat' dir='ltr'>satis</span> <span class='ocrx_word' id='word_1_463' title='bbox 1386 1953 1469 1984; x_wconf 87' lang='lat' dir='ltr'>fuerit</span> <span class='ocrx_word' id='word_1_464' title='bbox 1489 1954 1558 1983; x_wconf 81' lang='lat' dir='ltr'>atti-</span> 
     </span>
     <span class='ocr_line' id='line_1_47' title="bbox 327 1995 1558 2039; baseline 0 -12"><span class='ocrx_word' id='word_1_465' title='bbox 327 1995 394 2039; x_wconf 72' lang='lat' dir='ltr'>gisse</span> <span class='ocrx_word' id='word_1_466' title='bbox 415 2011 422 2028; x_wconf 72' lang='grc' dir='ltr'>ι</span> <span class='ocrx_word' id='word_1_467' title='bbox 444 2008 473 2028; x_wconf 86' lang='lat' dir='ltr'>ut</span> <span class='ocrx_word' id='word_1_468' title='bbox 496 1998 563 2028; x_wconf 86' lang='lat' dir='ltr'>hinc</span> <span class='ocrx_word' id='word_1_469' title='bbox 579 2007 709 2039; x_wconf 78' lang='lat' dir='ltr'>appareat</span> <span class='ocrx_word' id='word_1_470' title='bbox 739 2007 845 2038; x_wconf 81' lang='lat' dir='ltr'>quanto</span> <span class='ocrx_word' id='word_1_471' title='bbox 861 1999 969 2037; x_wconf 74' lang='lat' dir='ltr'>judicio</span> <span class='ocrx_word' id='word_1_472' title='bbox 991 2002 1021 2030; x_wconf 63' lang='grc' dir='ltr'>δέ</span> <span class='ocrx_word' id='word_1_473' title='bbox 1044 1997 1156 2028; x_wconf 50' lang='lat' dir='ltr'>dolrem</span> <span class='ocrx_word' id='word_1_474' title='bbox 1179 1997 1342 2029; x_wconf 86' lang='lat' dir='ltr'>Ludovicus</span> <span class='ocrx_word' id='word_1_475' title='bbox 1370 1999 1493 2038; x_wconf 82' lang='lat' dir='ltr'>Magnus</span> <span class='ocrx_word' id='word_1_476' title='bbox 1514 2000 1558 2027; x_wconf 93' lang='lat' dir='ltr'>vi-</span> 
     </span>
     <span class='ocr_line' id='line_1_48' title="bbox 330 2040 1559 2084; baseline 0 -14"><span class='ocrx_word' id='word_1_477' title='bbox 330 2053 392 2070; x_wconf 87' lang='lat' dir='ltr'>tum</span> <span class='ocrx_word' id='word_1_478' title='bbox 405 2043 433 2070; x_wconf 92' lang='lat' dir='ltr'>in</span> <span class='ocrx_word' id='word_1_479' title='bbox 444 2040 576 2072; x_wconf 81' lang='lat' dir='ltr'>omnibus</span> <span class='ocrx_word' id='word_1_480' title='bbox 591 2040 804 2070; x_wconf 82' lang='lat' dir='ltr'>Mathematicis</span> <span class='ocrx_word' id='word_1_481' title='bbox 817 2040 972 2084; x_wconf 76' lang='lat' dir='ltr'>disciplinis</span> <span class='ocrx_word' id='word_1_482' title='bbox 985 2041 1092 2072; x_wconf 78' lang='lat' dir='ltr'>clarum</span> <span class='ocrx_word' id='word_1_483' title='bbox 1108 2063 1116 2075; x_wconf 91' lang='lat'>‚</span> <span class='ocrx_word' id='word_1_484' title='bbox 1138 2050 1221 2081; x_wconf 75' lang='lat' dir='ltr'>atque</span> <span class='ocrx_word' id='word_1_485' title='bbox 1237 2044 1264 2072; x_wconf 89' lang='lat' dir='ltr'>in</span> <span class='ocrx_word' id='word_1_486' title='bbox 1283 2041 1430 2071; x_wconf 81' lang='lat' dir='ltr'>Astrotum</span> <span class='ocrx_word' id='word_1_487' title='bbox 1447 2040 1559 2070; x_wconf 78' lang='lat' dir='ltr'>scientia</span> 
     </span>
    </p>
   </div>
   <div class='ocr_carea' id='block_1_3' title="bbox 329 2081 1558 2127">
    <p class='ocr_par' dir='ltr' id='par_1_9' title="bbox 329 2081 1558 2127">
     <span class='ocr_line' id='line_1_49' title="bbox 329 2081 1558 2127; baseline 0 -14"><span class='ocrx_word' id='word_1_488' title='bbox 329 2084 401 2114; x_wconf 79' lang='lat' dir='ltr'>nosti</span> <span class='ocrx_word' id='word_1_489' title='bbox 409 2096 428 2115; x_wconf 70' lang='lat' dir='ltr'>a·</span> <span class='ocrx_word' id='word_1_490' title='bbox 439 2086 526 2115; x_wconf 78' lang='lat' dir='ltr'>:etatis</span> <span class='ocrx_word' id='word_1_491' title='bbox 540 2082 621 2115; x_wconf 78' lang='lat' dir='ltr'>facile</span> <span class='ocrx_word' id='word_1_492' title='bbox 631 2085 791 2126; x_wconf 86' lang='lat' dir='ltr'>principem</span> <span class='ocrx_word' id='word_1_493' title='bbox 802 2084 829 2113; x_wconf 90' lang='lat' dir='ltr'>in</span> <span class='ocrx_word' id='word_1_494' title='bbox 843 2095 962 2126; x_wconf 78' lang='lat' dir='ltr'>regnum</span> <span class='ocrx_word' id='word_1_495' title='bbox 972 2083 1052 2116; x_wconf 85' lang='lat' dir='ltr'>suum</span> <span class='ocrx_word' id='word_1_496' title='bbox 1060 2083 1089 2116; x_wconf 88' lang='lat' dir='ltr'>id</span> <span class='ocrx_word' id='word_1_497' title='bbox 1101 2094 1199 2127; x_wconf 82' lang='lat' dir='ltr'>agente</span> <span class='ocrx_word' id='word_1_498' title='bbox 1209 2096 1257 2126; x_wconf 86' lang='lat' dir='ltr'>per</span> <span class='ocrx_word' id='word_1_499' title='bbox 1268 2081 1558 2118; x_wconf 81' lang='lat' dir='ltr'>litterasD.Colbett‚</span> 
     </span>
    </p>
   </div>
  </div>
 </body>
</html>
