1638 2345
200 183 289 212 ΑΝΝ.

197 231 289 264 1690.

318 147 373 176 ²72
607 133 788 165 REGIAE
832 129 1246 162 SCIENTIARUM

360 180 476 210 XXV.
516 176 626 209 Libella
651 188 706 219 qua
739 178 779 205 D.
802 174 903 205 Picard
929 173 994 205 usus
1021 172 1074 203 fuit
1100 177 1129 204 in
1155 173 1292 205 librandis
1317 173 1450 207 Versaliae
1475 172 1548 204 loeis

316 222 490 253 coniitia-rata
512 243 520 256 ‚
547 222 610 250 Rex
634 223 661 248 in
686 218 803 261 planam
831 216 935 258 fastigii
967 214 1145 260 superficiem
1170 217 1335 248 conscendit
1352 239 1361 252 ,
1391 218 1438 248 ubi
1465 227 1547 248 erant

317 265 384 297 vasa
401 264 532 307 qurediun
550 262 687 304 quadrata
702 284 709 296 ,
721 261 824 303 quibus
838 262 877 290 D.
891 259 1021 291 Scdilcau
1039 271 1072 290 cx
1087 259 1222 290 mandato
1237 262 1275 290 D.
1292 261 1338 290 De
1350 262 1474 291 Louvois
1487 264 1547 300 jam

316 308 352 339 ab
381 308 490 351 aliquot
514 308 594 336 annis
625 305 727 347 pluvia:
751 304 907 334 decidentis
924 326 933 338 ‚
960 307 990 334 δέ
1016 301 1092 333 illius
1118 314 1181 346 qua:
1212 306 1240 333 in
1271 313 1391 346 vapores
1419 301 1551 333 difflatur

316 354 505 395 quantitatem
520 347 664 378 dimensus
679 347 778 378 fuerat.
806 347 891 388 Isque
908 347 1011 390 pluviae
1032 356 1094 387 quae
1107 345 1212 376 abhinc
1230 346 1348 377 biennio
1371 349 1476 384 majore
1497 356 1549 376 co-

317 398 364 437 pia
386 397 456 423 intra
476 403 515 433 ²4
541 392 624 422 horas
645 390 751 422 decidit
769 412 777 425 ‚
798 401 832 427 ¹4
852 389 991 420 linearum
1017 389 1197 419 altitudinem
1220 401 1278 420 non
1301 388 1436 432 superasse
1455 388 1550 418 osten-

317 438 361 468 dit
386 449 394 471 ·,
417 445 545 466 vertente
569 445 645 464 anno
664 434 699 465 ad
726 444 763 471 ¹7
785 444 830 463 aut
854 436 886 464 18
919 432 1038 475 pollices
1062 431 1201 464 sublatam
1220 454 1229 467 ,
1250 443 1281 463 ac
1307 435 1461 462 maximam
1486 442 1552 474 quae

319 491 362 516 24
395 480 530 509 horarum
561 477 649 522 spatio
675 477 888 508 exhalationem
910 478 1062 518 contigerit
1084 500 1095 514 ,
1130 475 1205 506 ultra
1229 489 1245 508 2
1270 485 1317 506 aut
1343 487 1356 516 3
1384 474 1471 505 lineas
1490 485 1551 504 non

319 522 479 553 excurrille.

371 568 405 595 In
425 565 468 595 his
489 564 644 607 colloquiis
661 571 768 594 tantam
788 564 854 593 Rex
875 563 921 592 M.
940 564 972 595 Β.
983 561 1175 593 eruditionem
1199 564 1230 592 &
1253 564 1383 604 peritiam
1405 563 1433 590 in
1449 570 1553 602 magna.

320 619 416 639 rerum
437 611 569 639 varietate
589 606 731 641 ostendit,
753 617 783 637 ut
809 617 861 637 nos
885 616 986 635 omncs
1016 609 1065 647 qui
1085 616 1144 635 tum
1174 604 1318 635 adfuimus
1333 627 1342 641 ‚
1364 604 1552 635 admiratione

320 650 403 682 simul
430 654 459 682 ἃ
486 654 665 682 veneratione
691 649 729 680 ob
753 648 922 692 singularem
942 652 1001 688 ejus
1024 649 1229 679 humanitatem
1251 651 1282 679 &
1307 650 1474 680 comitatem
1496 649 1554 681 im÷

320 694 450 737 plevcrir.

369 741 396 768 X
411 740 436 768 X
451 740 475 767 V
489 739 512 767 1.
542 736 642 767 Mense
669 734 825 765 Deccmbri
847 745 923 765 nova.
942 736 972 764 in
992 734 1067 776 jove
1089 734 1198 765 macula
1211 733 1270 764 visa
1282 735 1339 769 est,
1360 745 1421 777 quae
1437 744 1485 777 pet
1500 731 1554 763 ali-

320 791 391 822 quot
412 782 470 811 dics
488 780 503 809 a
527 781 567 812 D.
582 778 689 810 Caffini
710 777 764 809 fuit
789 777 935 808 observata
949 800 958 812 ‚
979 788 1011 807 ut
1034 781 1064 808 δε
1087 788 1169 808 novae
1186 775 1275 807 fascia:
1289 788 1350 821 quae
1365 781 1394 808 in
1416 778 1471 807 hoc
1493 775 1556 818 pla-

321 834 384 853 ncta
407 824 472 853 visae
499 824 561 854 sunt
585 835 593 857 ·,
614 823 707 865 postca
733 820 946 851 observationes
967 820 1028 851 suas
1043 832 1106 851 cum
1120 822 1181 851 aliis
1207 831 1270 850 ante
1294 832 1333 858 24
1348 831 1437 850 annos
1453 819 1557 855 faffis,

321 877 386 896 cum
402 867 515 909 Jupiter
527 868 555 896 in
577 863 720 896 Perihelio
733 864 888 894 versarctur
899 885 908 898 ‚
921 863 1042 894 contulit
1054 886 1062 898 ‚
1084 875 1115 894 ac
1137 862 1234 906 phascs
1247 863 1308 893 satis
1326 862 1487 894 consimiles
1504 874 1555 904 ap-

322 920 475 951 paruerunt
491 923 496 940 :
513 913 621 940 Verum
637 920 667 938 ca
687 907 722 937 de
743 918 770 936 re
784 906 887 936 redibit
903 905 1003 936 sermo.
1028 907 1084 936 Die
1109 918 1145 937 ιο
1164 905 1341 937 Novembris
1356 909 1517 937 Mercurius
1539 905 1556 934 Ξ

323 955 357 983 P.
374 951 397 981 le
417 953 523 981 Comre
538 949 612 981 visus
635 951 672 980 est
693 952 722 980 in
742 948 810 979 Sole
835 949 918 979 instar
939 953 1026 991 nigrae
1045 949 1164 982 maculat
1180 975 1190 989 ,
1210 952 1284 980 intra
1308 960 1363 981 tres
1382 950 1465 980 horas
1487 959 1558 978 curn

325 994 433 1025 scmisse
452 993 563 1026 discum
588 993 664 1024 Solis
682 994 855 1036 peragravit.

595 1194 877 1238 SECTIO
961 1193 1306 1240 OCTAVA„

538 1295 600 1334 De
635 1295 675 1332 iis
706 1305 783 1352 quae
808 1290 901 1349 gesta
921 1290 1043 1348 fiant,
1079 1307 1168 1332 anno
1207 1302 1299 1340 169
1320 1309 1354 1333 1.

435 1389 455 1416 Β
479 1388 513 1417 iis
531 1388 677 1419 ordiamur
694 1384 941 1418 observationibus
972 1385 1098 1427 Physicis
1115 1410 1125 1422 ,
1157 1398 1226 1429 quas
1248 1389 1384 1420 miserunt
1398 1398 1488 1432 patres
1508 1387 1564 1417 So-

432 1433 538 1461 cietatis
555 1444 565 1463 ·.
587 1443 652 1462 narn
670 1442 708 1462 επ
730 1432 792 1460 sunt
805 1429 825 1460 si
844 1440 907 1472 quae
925 1429 986 1460 alia:
1001 1452 1011 1465 ,
1037 1430 1227 1472 speculatione
1248 1431 1352 1475 dignae.

666 1555 878 1592 CAPUT
924 1555 1206 1594 PRIMUM.

690 1647 736 1679 De
761 1641 890 1691 Physicis
923 1640 1206 1688 obſsrvationibus.

339 1729 362 1758 1.
398 1729 448 1800 P
467 1729 548 1758 Atrcs
569 1727 718 1757 societatis
733 1739 765 1758 cx
779 1728 871 1759 Indiis
890 1727 1086 1760 Orientalibus
1108 1730 1167 1759 suas
1185 1728 1394 1759 observationes
1409 1740 1472 1759 cum
1489 1730 1568 1770 phy:

467 1769 529 1800 ficas
545 1792 553 1804 ‚
581 1780 639 1799 rum
659 1771 874 1803 Astronomicas
892 1772 1028 1803 miserunt
1047 1783 1109 1813 quae
1132 1783 1206 1802 anno
1231 1779 1299 1808 1⁶92
1321 1783 1385 1801 cum
1404 1776 1568 1804 annotatio-

338 1813 418 1843 nibue
439 1814 470 1842 P.
486 1815 578 1841 Gouie
597 1815 625 1858 in
646 1812 739 1843 lucem
759 1816 890 1856 prodiere
907 1819 937 1846 &
960 1827 1056 1846 carum
1070 1816 1250 1845 summarium
1268 1818 1296 1844 in
1314 1816 1385 1845 Acta
1406 1817 1574 1846 Academia

338 1856 384 1885 dic
406 1868 432 1894 3¹
460 1856 540 1897 Junii
558 1855 682 1895 cjuldcrn
704 1861 769 1887 anni
785 1858 934 1889 collatum.
959 1859 1006 1889 Dc
1020 1859 1063 1889 his
1081 1869 1144 1901 quae
1161 1858 1197 1889 ad
1213 1857 1359 1899 physicam
1375 1858 1499 1901 spectant
1514 1860 1569 1889 hoc

340 1898 405 1930 loco
430 1898 593 1928 dicendum.

385 1943 513 1972 Primum
532 1940 602 1971 illud
621 1940 671 1972 fuit
689 1942 869 1974 observatum
889 1944 904 1974 ὲ
927 1944 958 1975 Ρ.
976 1947 1050 1975 sscze
1070 1955 1128 1974 non
1149 1948 1229 1975 omni
1249 1956 1281 1974 cx
1301 1957 1377 1988 parte
1391 1958 1490 1976 verum
1502 1944 1568 1980 css'e‚‘

341 1985 420 2027 quod
438 1983 525 2027 vulgo
541 1984 680 2015 creditum
700 1986 759 2021 cst,
781 1987 905 2017 calorem
925 1992 1062 2018 acriorem
1081 1987 1134 2017 csse
1155 1990 1182 2016 in
1206 1987 1274 2017 locis
1295 2001 1356 2032 quae
1372 1989 1450 2020 lincae
1465 1991 1566 2029 AEqui-

340 2027 460 2058 noetiali
478 2031 538 2058 lunt
556 2030 693 2059 viciniora
713 2039 720 2062 3
744 2041 757 2060 2
782 2029 922 2072 liquorem
942 2034 970 2061 in
987 2030 1148 2074 vulgaribus
1168 2031 1397 2064 Thermomctris
1408 2030 1566 2073 cujusmodi

341 2070 357 2098 ὲ
379 2072 419 2100 D.
434 2070 536 2101 Hubin
551 2070 731 2102 elaborantur
743 2095 751 2107 ‚
774 2084 832 2102 non
852 2073 924 2104 ultra
939 2078 975 2113 78
992 2078 1112 2116 gradum
1128 2076 1215 2105 Sirmi
1238 2075 1328 2106 xssate
1342 2075 1487 2107 ascendere
1501 2096 1510 2108 ‚
1534 2078 1567 2104 ἃς

341 2112 377 2151 ad
399 2125 431 2156 52
454 2114 540 2158 usquc
566 2114 685 2158 gradum
710 2115 844 2159 Hiberno
868 2127 997 2162 tempore
1025 2118 1170 2152 interdum
1191 2117 1327 2163 deprimi.
1360 2131 1389 2163 3.
1417 2116 1568 2151 Mensrbus

1442 2162 1571 2203 Martio,
