1638 2345
357 165 411 194 281.
649 156 836 193 REGIAE
877 153 1260 189 SCIENTIARUM

247 213 333 240 ΑΝΝ.
355 205 416 236 lum
435 205 473 236 cst
500 205 690 240 consecutus,
715 213 745 233 ut
767 206 796 234 in
819 211 899 233 tanto
924 199 1068 232 bellorum
1094 198 1220 231 tumultu
1244 209 1329 231 nemo
1347 212 1381 233 ex
1404 200 1584 234 Academicis

244 262 311 295 169.
355 260 485 292 expertus
508 248 537 280 id
557 249 662 282 fuerit,
685 245 767 289 quod
786 247 916 290 queritur
934 242 1050 275 Tullius
1076 242 1234 274 litteratum
1255 242 1383 275 studiosis
1414 245 1583 278 usuvenire:

302 281 329 289 η
356 293 475 328 Omnia,
494 294 606 332 inquit,
628 288 699 322 nobis
718 287 809 330 studia
825 287 859 319 de
877 285 996 319 manibus
1018 288 1192 319 excutiuntur
1205 309 1215 323 ,
1226 286 1403 329 simulatque
1418 289 1516 330 aliquis
1527 300 1584 320 mo-

355 344 399 365 rus
419 346 502 365 novus
521 334 640 364 bellicum
658 344 749 364 canere
768 333 857 376 coeps't.
875 331 932 363 Sed
945 342 981 361 ne
998 334 1027 362 in
1040 329 1292 362 beneficentiffimi
1307 332 1361 362 viri
1379 329 1474 362 laudes
1485 336 1587 363 excurS

356 390 414 408 ram
428 400 436 412 ‚
458 389 530 408 neve
550 380 657 419 ingenii
681 376 778 407 lumen
795 399 805 412 ,
829 377 891 406 vim
910 374 1061 418 prudentie
1075 397 1084 410 ‚
1108 373 1270 405 dostrinam
1282 397 1291 410 ,
1310 373 1523 418 eloquentiem,
1535 387 1585 414 ce·

354 432 466 463 teraque
489 423 578 451 animi
596 431 765 451 ornamenta
781 430 1010 451 commemorem
1021 440 1031 454 ,
1048 416 1185 448 modestia
1207 420 1266 460 ejus
1281 418 1348 449 facit
1360 440 1370 454 ,
1385 421 1416 449 &
1433 417 1505 460 stylo
1518 429 1585 462 qua—

351 463 370 493 li
387 475 506 494 manum
529 466 630 507 injicit.
652 466 673 495 E
698 463 795 494 semita
816 466 901 506 igitur
923 465 953 493 in
980 464 1058 493 viam
1079 460 1235 492 redeamus.

351 561 1582 628 ffiffissffiffissssssssssssffiffssssffffiffiss

653 670 944 715 SECT10
1002 669 1287 724 ΡΚΙΜΑ,

715 770 777 827 De
805 781 915 826 Afflis
937 798 1029 824 anno
1070 798 1084 822 1
1105 790 1128 823 6
1140 788 1217 831 92?

443 897 496 929 Uae
513 896 547 928 ad
563 897 709 928 historiam
728 896 896 927 animalium
915 900 945 928 &
970 907 1121 927 anaromen
1139 895 1264 939 (perstant
1278 919 1287 932 ,
1307 896 1388 928 simul
1414 899 1445 928 δε
1467 899 1582 928 notani-

444 951 494 975 ca,
517 941 660 980 Chymica
674 962 684 976 ,
705 939 830 980 Phyficae
852 940 970 971 demum
988 938 1127 983 generalis
1145 943 1221 969 varia
1242 940 1417 971 theoremata
1443 951 1501 970 non
1523 943 1583 970 mi-

347 988 410 1015 nori
429 983 521 1013 studio
541 982 627 1026 quaim
649 987 730 1013 annis
755 983 946 1026 superioribus
963 981 1112 1026 prosecuta
1133 983 1171 1012 est
1193 983 1368 1019 Academia,
1388 982 1473 1024 idque
1489 986 1583 1014 maxi.

345 1026 392 1055 m'e
409 1026 555 1071 postquam
575 1028 605 1056 in
631 1024 729 1057 locum
743 1037 843 1056 eorum
863 1029 958 1068 quiex
983 1027 1034 1057 hac
1050 1029 1107 1056 vita
1123 1025 1294 1058 decesserant
1314 1025 1452 1057 Illusttiss'.
1471 1027 1511 1057 D.
1533 1027 1583 1057 De

347 1070 568 1100 Pontcharrrain
582 1080 675 1099 novos
690 1069 881 1100 Academicos
891 1072 920 1100 in
938 1069 981 1099 his
993 1068 1153 1114 disciplinis
1164 1069 1324 1100 admodum
1343 1072 1511 1100 exercitatos
1527 1068 1582 1101 suf-

347 1111 423 1144 fecit.
449 1114 532 1144 Cum
553 1124 646 1144 autem
666 1111 738 1144 illud
759 1124 895 1156 optaret,
919 1124 949 1143 ut
964 1123 1138 1155 unoquoque
1158 1114 1267 1149 mense,
1288 1125 1350 1156 qua:
1363 1112 1435 1144 forte
1456 1114 1581 1155 quadam

345 1166 500 1187 occurrunt
514 1178 523 1191 ‚
544 1168 590 1187 aur
612 1167 708 1187 recens
732 1156 795 1187 sunt
810 1158 944 1191 inventa,
963 1154 1009 1187 vel
1029 1168 1063 1186 ex
1076 1156 1124 1187 usu
1144 1156 1261 1198 publico
1278 1159 1436 1199 excogitata
1449 1156 1581 1200 promul-

342 1209 495 1241 garentur:
516 1200 589 1230 hanc
611 1200 794 1231 Provinciam
811 1199 912 1230 clai-iffi
927 1199 1024 1231 Abbas
1042 1201 1082 1233 D,
1100 1199 1220 1241 Gilloys
1236 1197 1366 1243 suscepit,
1384 1202 1431 1243 qui
1446 1203 1581 1231 omnium

343 1244 455 1284 primus
478 1246 508 1274 in
532 1242 628 1274 Gallia
645 1245 832 1275 Eruditorum
852 1243 1055 1285 Ephcmerides
1067 1243 1180 1275 dele-stu
1196 1266 1205 1279 ‚
1229 1243 1369 1276 brevitate
1385 1249 1415 1274 δέ
1440 1242 1580 1286 elegantia

343 1286 481 1317 omnibus
503 1297 569 1316 nora
587 1297 637 1329 per
661 1286 826 1328 complures
838 1297 928 1316 annos
946 1284 1120 1317 confecerat.

377 1328 454 1359 Cum
478 1331 568 1371 igitur
588 1338 690 1371 praeter
712 1328 827 1360 ufitatos
858 1328 1022 1359 Academiae
1051 1328 1184 1363 labores,
1207 1340 1267 1360 tum
1291 1334 1320 1362 in
1344 1329 1492 1371 Physicis,
1515 1341 1577 1362 rum

344 1372 375 1400 in
390 1372 608 1403 mathematicis
629 1371 786 1415 disciplinis
801 1394 809 1407 ,
827 1383 890 1414 qua:
914 1375 1031 1413 majoris
1054 1371 1115 1402 sunt
1141 1378 1305 1409 momenti,
1335 1377 1364 1404 &-
1391 1373 1577 1404 Eruditorum

341 1416 455 1444 animos
473 1417 562 1456 magis
580 1413 616 1445 ad
635 1414 661 1445 se.
679 1426 852 1446 convertunt
866 1437 876 1450 ,
903 1418 932 1445 in
954 1417 1016 1445 aeta
1035 1414 1149 1456 publica
1174 1415 1261 1446 relata
1287 1417 1392 1447 fuerint
1410 1438 1419 1451 ,
1444 1416 1518 1446 nihil
1538 1417 1578 1447 cst

342 1457 430 1488 causae
452 1469 502 1488 cur
524 1461 553 1488 in
575 1459 608 1487 iis
625 1456 781 1489 referendis
804 1469 915 1501 tempus
937 1469 1080 1494 teramus,
1106 1459 1214 1489 summa
1228 1460 1340 1490 tantum
1368 1471 1464 1490 rerum
1484 1461 1577 1503 capite

342 1499 535 1533 decurremus,
555 1502 623 1532 Hoc
641 1504 735 1544 iraque
753 1501 928 1534 faciendum.

648 1636 898 1675 CAPUT
957 1637 1268 1676 PRIMUM.

725 1729 772 1758 De
793 1723 893 1757 Rebus
914 1726 1143 1761 cAnatomicis.

338 1808 362 1838 1.
442 1810 584 1850 Uperiore
605 1820 680 1839 anno
703 1809 749 1840 dic
777 1821 808 1846 29
837 1810 1008 1841 Decembris
1027 1811 1066 1841 D.
1091 1811 1141 1841 Du
1158 1813 1274 1850 Verney
1293 1809 1328 1840 de
1354 1808 1418 1840 bilis
1442 1811 1473 1840 &
1496 1808 1570 1842 succi

443 1854 612 1893 pancrcarici
632 1852 764 1883 ductibus
780 1853 911 1895 scriptum
932 1852 999 1896 legit
1012 1877 1021 1889 ,
1035 1854 1112 1896 quod
1131 1851 1233 1883 mensis
1252 1853 1394 1884 Februarii
1407 1856 1472 1883 =inni
1490 1860 1566 1893 1692

339 1893 419 1924 Acris
433 1893 555 1935 publicis
570 1895 706 1926 inscrtum
725 1895 797 1928 fuit:
819 1897 901 1938 hujus
920 1894 976 1927 fere
991 1909 1023 1927 ca
1044 1897 1082 1927 est
1102 1896 1220 1928 summa.
1240 1898 1377 1937 Qinque
1398 1897 1533 1937 hystrices
1549 1896 1567 1927 εἰ

340 1936 365 1966 se
385 1936 518 1968 dissectos
535 1941 564 1968 in
582 1938 737 1969 Academia
751 1939 830 1969 fuisse
843 1962 852 1975 ,
870 1943 898 1969 in
913 1941 955 1969 his
973 1939 1108 1971 omnibus
1119 1939 1274 1971 observass‘c
1286 1940 1405 1971 duCtum
1420 1939 1564 1971 billarium

339 1992 396 2010 non
421 1984 450 2011 in
471 1981 638 2013 duodenum
661 1983 824 2012 intestinum
838 2005 848 2018 ‚
873 1981 919 2014 scd
936 1986 965 2013 in
990 1983 1180 2014 ventriculum
1201 1982 1291 2026 ipsum
1311 1983 1435 2015 desinere
1449 2006 1458 2018 ,
1482 1984 1563 2013 utiin

339 2035 397 2054 uno
426 2028 456 2056 δε
479 2028 508 2055 in
537 2024 626 2056 altero
652 2026 818 2056 struthione.
850 2026 920 2058 Istuc
949 2027 1019 2058 vero
1045 2027 1180 2058 omnibus
1201 2027 1405 2058 struthionibus
1435 2037 1563 2057 commu-

339 2077 374 2096 ne
395 2069 434 2098 est
448 2091 456 2103 ‚
476 2079 506 2100 ut
530 2069 598 2109 cysti
619 2067 700 2099 fellea
717 2080 849 2105 careant,
872 2072 902 2099 &
925 2069 1033 2113 duplici
1052 2070 1139 2101 duc-hi
1163 2073 1293 2114 hepatico
1315 2071 1466 2101 donentur.
1492 2070 1562 2099 Mi-

341 2121 383 2149 101⁴
408 2124 439 2142 cx
459 2116 490 2143 iis
508 2115 584 2153 juxta
605 2112 738 2156 pylorum
761 2113 893 2143 intestino
913 2111 949 2145 fic
971 2114 1100 2145 inseritur
1115 2137 1124 2150 ‚
1147 2126 1176 2145 ut
1193 2126 1350 2145 cxxremum
1371 2113 1445 2145 illius
1467 2112 1561 2143 versus·

339 2153 472 2195 pjleznm
496 2156 643 2200 dirigatur.
670 2158 710 2188 Ex
732 2167 790 2199 quo
809 2155 879 2189 illud
898 2157 1009 2191 videtur
1020 2158 1195 2201 consequens
1208 2158 1295 2190 bilem
1317 2168 1375 2188 non
1393 2167 1504 2188 merum
1517 2155 1560 2195 el}
