1638 2345
347 131 405 151 202
661 120 839 153 REGIAE
880 119 1282 155 SCIENTIARUM

231 167 320 197 Asu.
344 174 421 194 mare
445 163 529 196 altius
549 162 634 199 esset,
652 165 723 195 radii
738 162 1014 194 vilualis‘inclinatio
1037 163 1089 195 fuit
1107 164 1219 196 tantum
1243 172 1261 196 6
1282 168 1352 199 min.
1369 177 1401 206 30
1424 164 1476 198 sec}
1492 174 1565 199 tum:

238 213 327 239 1681.
344 218 398 248 quc
420 219 496 239 mate
518 207 553 238 ad
579 219 613 238 ιι
638 207 723 249 pedes
737 206 920 242 ascenderat,
943 207 1014 237 adeo
1029 218 1059 238 ut
1079 207 1156 238 nulla
1176 208 1243 241 css'et
1262 209 1397 241 refrackio
1418 210 1566 244 sensibilis.

345 251 424 281 hiem
441 250 498 282 fere
520 254 676 292 contigerat
697 249 891 280 observationi
913 250 992 280 factae
1005 261 1081 280 anno
1105 256 1188 289 ¹674
1212 252 1227 282 i
1248 254 1288 283 D.
1307 253 1407 284 Picatd
1427 257 1456 283 in
1473 255 1563 284 Occi-

342 297 416 324 tanii
436 294 470 324 ad
495 295 730 324 Promontotium
746 314 752 325 .
784 292 872 335 vulgo
896 294 938 324 Le
960 295 1019 334 Cap
1041 292 1073 322 de
1091 296 1164 327 δέτι,
1561 294 1564 296 ’

386 338 511 367 Cadomi
530 336 576 366 dic
601 344 618 366 6
639 335 808 366 Decembris
828 336 950 367 altitudo
979 335 1044 366 Poli
1064 340 1179 368 inventa
1200 338 1237 367 cst
1267 349 1304 375 49
1324 348 1365 381 gr.
1388 349 1424 369 ιο
1439 341 1508 370 min.
1525 350 1563 382 ,Θ

342 379 385 409 νι1
413 392 438 417 ςς
463 381 513 410 sec.
533 383 560 410 in
581 379 718 421 Collegio
743 381 868 410 Attium.

392 423 581 453 Dunitcrcliae
607 423 671 453 Poli
697 422 817 452 altiindo
843 425 958 452 inventa
978 422 1015 452 cst
1037 422 1051 452 a
1078 424 1117 453 D.
1137 423 1172 453 dc
1198 423 1222 454 la
1244 425 1317 454 Hire
1339 435 1368 465 5¹
1392 435 1434 465 gr.
1460 436 1470 455 ι
1494 426 1564 454 min·

344 477 381 504 ²4
400 465 451 496 scc.
478 470 506 496 in
526 469 628 506 majori
650 464 835 496 Eccltsiazcx
862 464 1042 495 immersione
1053 469 1137 509 primi
1159 465 1281 497 satellitis
1304 466 1347 496 dic
1372 472 1404 497 ι8
1426 467 1569 498 Οᾶοὺιὶς

342 508 502 539 differentia
519 508 732 551 longitudinum
751 508 786 538 ab
810 508 1018 538 Observatmio
1035 520 1056 538 rt
1066 520 1144 551 perta
1166 510 1204 540 cst
1233 513 1246 539 8
1273 509 1324 540 sec.
1343 511 1436 540 versus
1461 513 1568 541 Orien-

342 561 401 581 tcm
414 574 423 586 ‚
437 552 483 582 die
504 563 533 591 ι)-
549 562 657 594 reperta
675 552 713 582 est
729 551 933 582 tantummodo
955 566 965 591 5
988 551 1041 582 sec.
1268 556 1274 563 '

383 595 479 626 Calcti
500 596 546 626 die
569 594 806 626 to‘Novtmbris
827 594 891 625 Poli
908 595 1031 626 altitudo
1052 594 1199 625 observata
1214 593 1268 625 fuit
1282 606 1314 636 50
1338 607 1381 639 gr.
1400 608 1434 636 57
1458 599 1528 627 min.
1551 607 1566 627 2

341 637 395 670 sec.
409 638 496 681 idque
514 640 611 681 saepius
635 641 805 681 repetitum,
827 637 1040 680 longitudinum
1061 637 1221 669 differentia
1243 649 1268 668 2.
1287 642 1357 670 min.
1382 651 1417 670 zo
1440 642 1494 672 icc.
1509 651 1569 676 vcr-¹

342 680 386 711 sus
406 681 608 712 Occidentem.

372 725 414 754 D.
440 726 487 755 De
502 724 530 756 la
551 726 626 755 Hire
638 722 773 754 Calctum
789 727 861 755 inter
876 726 906 754 ὃ(
930 723 1044 766 Angliae
1063 734 1178 766 portum
1199 723 1362 756 Dubridem
1383 735 1412 756 v.
1436 727 1565 756 Douvres

338 767 433 799 multo
466 771 607 799 minorem
632 767 793 798 distantiam
821 777 906 807 quam
929 767 1030 798 tabulae
1052 765 1224 809 designent,
1245 770 1355 798 invenit
1379 780 1386 802 3
1409 767 1463 799 basi
1479 772 1568 801 trian-

337 810 398 852 guli
420 814 449 841 in
465 811 586 843 arenoso
608 810 703 842 littore
728 821 807 852 2500
830 810 1039 853 hcxapedarum
1062 809 1171 853 sumpta
1188 832 1196 845 ‚
1220 822 1253 840 ex
1269 821 1322 853 qua
1345 810 1515 853 positionem
1533 824 1567 842 u-

338 853 462 896 triusque
481 855 536 885 loci
564 856 675 885 invenit
694 869 702 892 ;
724 857 761 884 ita
777 865 806 884 ut
831 853 972 884 Dubridis
993 853 1028 884 ab
1053 856 1131 896 apice
1151 853 1359 897 propugnaculi
1376 852 1489 886 Risban
1509 854 1568 891 dis÷

337 906 377 927 tet
397 904 484 936 21360
509 897 647 940 hexaped.

379 941 420 971 X.
445 944 525 971 Varii
553 942 705 972 Tractatus
738 942 915 971 Gcomerrici
941 939 1007 971 lecti
1028 943 1056 970 in
1083 939 1238 970 Acadimia
1255 965 1262 978 ,
1282 939 1430 983 complura
1452 951 1568 983 quoque

335 982 480 1025 proposita
501 983 563 1014 sunt
585 983 772 1026 problemata.
793 986 831 1015 D.
860 983 944 1014 Dela
958 984 1031 1013 Hire
1051 994 1150 1026 praetet
1169 993 1286 1013 caetcros
1297 986 1325 1014 in
1345 984 1401 1014 hoc
1417 994 1567 1025 argumen-

336 1034 368 1055 to
390 1026 512 1057 versatus
528 1049 536 1062 ,
555 1039 626 1069 opus
656 1026 736 1057 suum
751 1027 787 1056 de
808 1025 978 1057 sectionibus
1000 1029 1107 1056 conicis
1128 1029 1157 1056 &
1181 1025 1346 1066 cylindticis
1365 1026 1380 1056 ὲ
1403 1025 1501 1056 decem
1518 1038 1566 1057 an-

337 1071 380 1098 nis
401 1080 529 1113 coeptum
551 1081 622 1113 pene
637 1069 769 1100 absolvit.
791 1072 864 1110 Qae
891 1070 905 1099 a
930 1067 1092 1100 Geometris
1118 1069 1253 1099 hactenus
1279 1072 1388 1112 magnis
1406 1068 1568 1100 volumini-¹

336 1111 388 1141 bus
408 1112 469 1143 sunt
486 1115 654 1157 pertractata
670 1138 678 1149 ,
701 1124 775 1142 nova
801 1116 830 1143 &
857 1112 1058 1156 compendiosa
1078 1112 1217 1143 methodo
1241 1111 1276 1142 sic
1289 1114 1451 1148 contraxit,
1472 1124 1503 1142 ut
1521 1123 1566 1143 ex-

335 1154 481 1196 quisitiora
503 1167 622 1200 quaeque
634 1155 801 1198 complexus
822 1167 910 1186 novas
932 1156 1088 1186 sectionum
1103 1157 1265 1185 conicarum
1289 1155 1453 1186 affectiones
1466 1166 1567 1198 quam-

336 1196 474 1239 plurimas
493 1199 739 1230 demonstraverit.
765 1201 897 1230 Formam
919 1202 1004 1229 totius
1024 1202 1117 1243 operis
1135 1202 1166 1230 δε
1183 1201 1321 1229 rationem
1337 1197 1464 1242 primum
1477 1209 1567 1242 expo-

337 1240 390 1271 suit
413 1252 475 1283 quae
501 1242 637 1273 omnibus
661 1242 776 1285 probata
794 1241 868 1276 fuit,
889 1253 948 1272 tum
973 1242 1228 1272 demonstrationes
1249 1241 1307 1271 suas
1329 1245 1409 1272 conis
1429 1245 1459 1272 δε
1481 1244 1566 1273 variis

335 1294 436 1314 eorum
460 1284 631 1316 sectionibus
645 1296 676 1315 ac
701 1283 797 1326 figuris
814 1306 822 1319 ‚
838 1295 869 1315 ut
891 1284 1002 1315 emilius
1020 1295 1184 1327 caperentur
1197 1306 1206 1319 ,
1230 1287 1258 1314 in
1281 1284 1408 1315 medium
1443 1283 1540 1315 tolatis
1555 1310 1565 1324 ‚

336 1324 419 1357 simul
437 1327 528 1358 oculis
552 1331 581 1358 &
604 1331 700 1358 animo
719 1327 846 1368 subjecit.
867 1327 1020 1358 Nonnulla
1040 1337 1156 1369 quoquc
1178 1326 1355 1370 probltmata
1375 1328 1390 1357 ὲ
1427 1339 1442 1357 e
1462 1338 1565 1370 propo-

335 1368 385 1399 sita
406 1373 436 1400 δι
458 1370 473 1400 ὲ
497 1372 538 1402 D.
563 1373 688 1402 Sauvcui·
703 1381 777 1401 nunc
798 1368 957 1402 Professore
978 1371 1089 1412 Regio,
1114 1374 1143 1402 ὅ(
1169 1370 1331 1401 Academiae
1357 1371 1565 1406 Soci0‚solum

336 1411 468 1453 subjecit.
1319 1412 1322 1415 '

366 1458 394 1486 X
407 1458 429 1489 1.
453 1457 570 1488 Novam
587 1456 743 1488 fabticandi
761 1468 846 1487 naves
867 1459 1006 1488 tationem
1031 1455 1295 1507 D42Renaultnunc
1313 1460 1384 1488 inter
1399 1457 1566 1488 Navarchas

335 1498 460 1534 nobilis,
479 1501 635 1543 proposuit.
653 1499 790 1532 Illusttiss.
807 1502 942 1531 Marchio
960 1501 996 1530 de
1011 1499 1160 1542 Seignelay
1181 1499 1211 1530 id
1231 1503 1355 1530 muneris
1371 1499 1450 1530 dedit
1467 1500 1506 1529 D.
1522 1502 1564 1532 D.

337 1542 461 1573 Blondcl
486 1548 515 1574 δε
542 1546 700 1578 Marione,
726 1555 755 1574 ut
782 1555 844 1575 cam
863 1543 1017 1586 diligenter
1036 1543 1237 1586 expenderent.
1263 1545 1328 1584 Qa
1342 1543 1377 1573 dc
1393 1553 1421 1573 re
1440 1542 1510 1584 quid
1532 1543 1564 1574 fi-

336 1584 365 1614 bi
390 1585 532 1617 videretur
552 1587 586 1617 ad
611 1585 797 1618 Academiam
824 1586 998 1620 retulerunt,
1020 1597 1081 1616 eam
1106 1587 1242 1616 nimirum
1266 1586 1402 1617 fabricam
1417 1586 1467 1616 usu
1489 1589 1563 1629 opti-

335 1637 413 1658 mam
436 1633 466 1659 ἃ(
490 1629 604 1660 facilem
627 1630 808 1671 judicamur,
833 1631 916 1671 hujus
941 1629 1158 1659 fundamentum
1181 1632 1211 1659 in
1235 1630 1358 1659 lectione
1375 1632 1473 1659 conica
1489 1628 1566 1671 pofi-

335 1681 399 1701 tum
421 1671 496 1707 else,
521 1684 606 1715 atque
632 1674 709 1703 hunc
732 1684 789 1703 non
810 1672 1056 1703 contemnendum
1069 1673 1243 1703 Geometriae
1266 1671 1453 1715 speculatricis
1469 1682 1563 1703 extare

336 1713 472 1745 frustum.

376 1760 409 1787 In
435 1757 557 1789 cundem
581 1771 653 1802 pene
674 1759 787 1790 censum
803 1758 921 1790 adscribi
944 1759 1031 1801 potest
1046 1759 1262 1789 instrumentum
1281 1757 1360 1799 quod
1379 1758 1418 1789 D.
1436 1761 1562 1791 Sauvcut

336 1800 482 1834 exhibuit,
500 1813 558 1843 quo
581 1814 716 1845 aquatum
738 1805 830 1845 jactus
848 1802 932 1833 ficii&
954 1801 1149 1832 mensurantur
1168 1805 1244 1841 juxta
1267 1800 1423 1832 altitudinis
1449 1806 1478 1834 ἀ
1502 1802 1564 1833 cas.

336 1842 470 1874 tellorum
497 1849 635 1876 tationem
664 1868 672 1880 ‚
711 1857 763 1881 nec
787 1858 844 1876 non
868 1856 952 1889 penes
973 1844 1126 1875 diametros
1148 1843 1313 1874 tubulorum
1337 1855 1384 1886 pet
1403 1857 1474 1888 quos
1489 1857 1562 1888 aqua

337 1890 469 1929 erumpit.
484 1887 594 1918 Eodem
614 1889 801 1919 instrumento
814 1891 1000 1931 quantitatem
1015 1899 1093 1929 aquae
1112 1887 1220 1917 concha
1234 1885 1349 1917 fontana
1366 1899 1505 1920 contentae
1517 1889 1562 1920 di.

337 1933 430 1961 metiri
457 1930 520 1961 licct
536 1954 544 1966 ,
567 1942 632 1961 cum
656 1931 877 1963 senii-diameter
899 1932 1014 1962 concliae
1038 1929 1211 1964 innotescit,
1239 1927 1257 1959 st
1279 1931 1397 1961 rotunda
1429 1931 1460 1962 fit
1479 1955 1488 1968 ‚
1513 1942 1560 1963 aut

337 1974 412 2004 cert&
431 1973 500 2005 latus
520 1985 610 2005 unum
629 1973 660 2005 sit
681 1979 847 2017 cognitum,
867 1975 885 2005 si
902 1974 987 2005 fucrit
1009 1974 1149 2016 quadratae
1167 1985 1212 2003 aut
1233 1972 1346 2005 alterius
1367 1973 1463 2018 figura:
1477 1984 1561 2016 regu-

337 2015 414 2049 latis.

382 2061 420 2090 D.
446 2059 521 2092 Raff
534 2071 641 2091 novum
673 2060 775 2091 Antlia·
796 2072 884 2102 genus
898 2083 906 2096 ,
927 2064 1003 2101 cujus
1021 2062 1155 2091 sstuc‘knra
1177 2060 1266 2090 facilis
1286 2061 1340 2095 cst,
1360 2061 1507 2096 exhibuit,
1523 2061 1558 2091 ad

337 2102 496 2146 propositos
517 2103 581 2136 usus
605 2106 675 2135 hanc
698 2104 944 2135 accommodatam
967 2103 1095 2135 adhiberi
1115 2104 1190 2147 poll'c
1207 2103 1297 2135 visum
1321 2104 1395 2135 fuit:
1418 2115 1484 2135 nam
1505 2115 1557 2135 ex-
