1638 2345
340 139 395 164 rc6
631 130 811 163 REGIAE
847 127 1260 160 SCIENTIARUM

225 182 316 211 Arm,
338 179 422 220 cupio
441 179 552 207 minore
577 175 696 218 pedibus
719 187 730 214 3
749 174 881 213 distingui
895 182 952 201 non
977 171 1077 212 poffet.
1100 172 1185 201 Hanc
1207 171 1441 212 conjunctionem
1459 168 1557 201 obstr&

226 229 300 260 1672
314 245 322 258 ‚
339 231 432 251 varam
453 221 555 263 pariter
574 219 588 249 :¹1
613 219 653 248 D.
674 216 772 248 Picard
794 218 920 252 Brioue,
935 213 950 243 ὲ
971 215 1013 244 D.
1035 215 1164 244 Ro‘c'mer
1184 213 1294 245 Parisiis
1318 214 1446 244 accurare
1464 225 1568 257 expen.

226 268 256 296 &
272 275 323 307 73.
339 261 382 293 dit
401 266 430 293 in
450 261 696 292 observationibus
720 259 802 290 editis
818 281 826 293 ,
838 268 905 301 quas
929 267 1076 299 comparat
1099 267 1163 287 cum
1177 256 1374 287 observatione
1392 255 1567 296 Caycnnen'-

339 304 359 335 fi
378 307 480 336 Martis
496 305 597 334 codem
610 303 655 333 die
669 302 765 332 habita
784 301 799 331 Ξι
821 303 859 331 Ι).
877 301 1007 333 Richcr3
1030 312 1062 330 cx
1080 301 1132 330 hac
1148 302 1359 343 comparatione
1378 298 1488 330 nullam
1506 299 1566 330 sen-

338 347 448 379 fibilem
478 346 590 388 colligit
612 350 671 385 ejus
692 344 814 375 Plancta·
841 342 1007 387 parallaxim
1036 354 1069 372 cx
1097 343 1140 373 his
1160 343 1271 373 duobus
1295 341 1365 372 locis
1388 364 1398 376 ‚
1433 341 1480 373 sed
1507 342 1567 372 sen-

338 390 448 421 fibtlcm
462 402 524 420 eam
541 389 655 420 deducit
675 400 708 418 ex
728 388 888 419 differentia
907 385 1034 417 tranfixus
1051 386 1134 426 hujus
1155 385 1238 416 stella:
1259 389 1288 415 ἃ
1314 386 1418 415 Martis
1432 384 1567 416 interval-

338 433 368 464 lo
389 434 523 464 horarum
540 444 559 471 7
580 444 646 462 cum
666 430 775 462 semille
790 428 945 461 observata:
966 429 980 458 ὲ
1006 429 1041 458 D.
1071 429 1172 459 Picard
1195 432 1223 459 δε
1246 439 1310 458 cum
1333 429 1489 458 variatione
1506 431 1568 468 ejus

337 476 438 507 diurna
456 487 617 518 comparata
634 500 643 514 ,
659 478 688 505 in
712 474 867 505 Elementis
887 473 1094 503 Astronomicis
1112 470 1278 514 parallaxim
1299 470 1386 501 infert
1405 470 1467 502 satis
1487 469 1567 501 senfi-

336 519 435 550 bilem.

367 561 554 593 Irnbecillitas
575 571 668 592 autem
695 558 811 590 luminis
835 559 916 598 hujus
937 557 1021 588 stellae
1038 559 1179 588 matutino
1193 568 1322 599 tempore
1341 556 1356 586 Ξ
1380 556 1408 587 se
1432 556 1568 588 observa-

335 616 383 640 ta,
427 616 547 647 namque
569 604 630 647 post
656 605 716 644 ejus
739 603 974 642 conjunffionem
997 612 1063 631 cum
1083 602 1177 630 Marte
1199 600 1359 631 observavit
1377 600 1418 629 D.
1433 600 1568 631 Roe'mer

337 617 460 683 Parisiis,
476 648 524 679 ubi
540 646 618 678 coelo
635 646 732 676 sereno
759 644 904 675 fruebatur
915 666 924 679 ‚
940 643 1014 674 haud.
1031 643 1124 674 levem
1139 642 1324 687 suspicionem
1337 644 1433 683 injecit
1449 642 1570 674 Atmos-

335 691 429 733 phetae
447 689 592 730 cujusdam
614 691 742 720 Martem
760 687 853 731 ipsum
877 686 933 718 lare
951 685 1114 718 ambientis.
1141 687 1207 718 Nec
1232 689 1308 716 enim
1329 685 1406 716 stella
1429 688 1436 716 i
1462 685 1486 716 sa
1509 685 1569 717 ulla

334 736 446 764 ratione
462 733 595 775 distingui
615 736 708 775 potuit
728 742 834 773 magno
855 730 1212 773 Telescopio,‚antequam
1231 728 1247 759 ὲ
1266 730 1363 759 Marte
1384 697 1493 759 duabus
1507 740 1569 760 tet-

335 778 382 807 tiis
395 780 456 816 ejus
471 775 603 806 diametri
625 772 774 805 recess'ifl'et
787 796 796 809 ,
821 773 888 804 licet
908 772 992 803 stella:
1013 771 1139 813 ejusdem
1162 771 1366 814 magnitudinis
1385 774 1414 802 in
1430 770 1491 814 ipso
1505 774 1568 803 Lu.

334 829 377 850 nae
395 820 528 850 contactu
550 817 625 848 ciart:
644 815 858 860 perspiciantur.
890 818 971 858 Qin
988 819 1073 846 etiam
1091 814 1218 856 ejusdcm
1239 814 1324 845 stellae
1337 814 1467 845 distantia
1485 813 1501 844 ὲ
1514 817 1569 846 cit-

333 861 535 893 cumstantibus
552 860 717 892 stnfibilitct
740 862 847 890 variare
860 858 917 889 visa
931 860 969 889 est
980 882 989 895 ‚
1005 870 1035 890 ut
1049 868 1084 888 ex
1105 861 1316 902 comparatione
1334 857 1568 889 observationum

333 906 364 934 in
387 904 486 935 iisdem
509 904 657 935 elementis
675 902 750 934 faeta
772 902 934 933 ostenditur.

367 950 436 978 XV.
461 947 525 978 Poli
553 946 735 978 altitudinem
757 949 785 976 in
814 944 954 989 plerisque
975 942 1070 980 locis,
1096 955 1146 987 per
1169 955 1231 986 qua·
1248 946 1300 975 iter
1320 942 1387 975 fecit
1412 944 1454 974 D.
1474 940 1570 980 Cassi-j

335 993 365 1021 ni
387 990 555 1032 exploravit.

379 1034 457 1063 Cum
476 1032 512 1063 ad
531 1034 668 1064 Montem
688 1034 722 1063 B.
749 1033 850 1063 Mariae
863 1056 872 1070 ‚
895 1029 984 1073 vulgo
1001 1028 1113 1060 thre.
1125 1031 1217 1059 Darne
1231 1029 1263 1059 de
1283 1030 1312 1059 Ia
1329 1026 1418 1058 Garde
1441 1053 1450 1066 ,
1464 1040 1568 1072 perve-

335 1074 417 1106 niffet
434 1098 444 1110 ‚
470 1087 525 1119 ope
543 1075 708 1118 quadrantis
733 1074 833 1105 circuli
861 1077 951 1104 varias
975 1073 1136 1103 horizontis
1164 1075 1249 1103 maris
1264 1095 1273 1107 ,
1299 1072 1314 1101 ὲ
1339 1070 1448 1102 diversa
1469 1071 1568 1102 altitu-

336 1119 406 1149 dine
426 1116 533 1150 monr'ss
557 1117 606 1150 visi
619 1145 627 1158 ,
640 1116 831 1161 depressiones
853 1116 1036 1150 observavit,
1059 1126 1090 1145 ac
1113 1114 1288 1146 difftrcntias
1305 1126 1368 1157 quae
1390 1117 1463 1144 inter
1481 1126 1568 1157 appa-

336 1173 447 1197 renteS‚
475 1164 506 1192 &
527 1173 571 1193 eas
595 1173 658 1206 quae
678 1173 709 1192 ex
729 1163 802 1192 inito
828 1159 937 1190 calculo
953 1158 1006 1188 effe
1022 1157 1180 1188 debuerunt
1193 1181 1202 1193 ‚
1220 1169 1338 1201 qumque
1360 1169 1394 1187 ex
1418 1156 1570 1188 refractio-

336 1204 420 1235 nibus
437 1207 589 1240 oriuntur,
615 1205 744 1235 accurare
767 1205 912 1233 annotavit
930 1216 936 1232 :
960 1212 991 1232 ut
1013 1199 1107 1231 videre
1127 1201 1165 1230 est
1191 1204 1220 1232 in
1240 1200 1411 1231 collectione
1435 1199 1568 1232 observa-

335 1250 446 1278 tionum
475 1248 666 1278 Astronomic.
690 1258 751 1290 quae
779 1257 868 1288 nuper
888 1245 951 1275 sunt
975 1246 1068 1285 Typis
1084 1246 1183 1286 Regiis
1208 1244 1301 1275 editae.

366 1292 394 1320 X
409 1293 434 1320 V
448 1293 474 1321 1.
497 1290 606 1321 Eodem
630 1293 659 1320 in
675 1289 740 1320 loco
760 1289 891 1331 quaedam
905 1290 978 1318 circa
994 1286 1162 1328 hydrargyri
1181 1290 1209 1317 in
1234 1289 1401 1317 Barometto
1415 1284 1568 1328 suspensio-

336 1345 402 1363 nem
418 1336 610 1375 experimenta
629 1331 715 1363 fecit:
737 1332 772 1363 ad
794 1330 895 1374 pedem
911 1332 1019 1361 montis
1040 1329 1232 1372 hydrargyrus
1246 1340 1282 1367 27
1303 1327 1441 1373 pollicum
1466 1328 1569 1359 ascen-

335 1376 415 1406 derat
427 1398 436 1411 ,
456 1386 520 1406 cum
547 1378 745 1406 Baromctrum
766 1378 794 1405 in
817 1385 949 1404 montem
969 1371 1132 1403 transsaturi]
1152 1373 1218 1403 ess'et
1233 1395 1242 1408 ,
1259 1372 1293 1403 ad
1310 1383 1362 1409 ¹07
1374 1384 1391 1400 0
1406 1371 1509 1413 pedum
1524 1371 1568 1402 al-

337 1423 509 1458 titudinem,
538 1423 685 1454 dest-cudit
706 1422 897 1465 hydrargyrus
923 1427 954 1452 16
972 1419 1057 1450 lineas
1075 1420 1115 1461 4}-
1137 1432 1144 1450 :
1165 1419 1237 1450 adeo
1262 1429 1292 1450 ut
1314 1421 1466 1460 unicuique
1485 1417 1567 1450 linea:

337 1474 371 1507 65
389 1469 473 1511 pedes
487 1469 697 1511 respondeant,
711 1472 750 1500 uri
766 1468 822 1499 fere
841 1471 869 1497 in
890 1466 1099 1498 Observatotio
1114 1464 1209 1509 (sepius
1227 1467 1281 1497 fuit
1299 1465 1459 1510 probarum.
1476 1465 1568 1504 Qod

337 1510 356 1541 si
373 1511 516 1542 descensus
534 1513 702 1554 hydrargyri
715 1524 765 1555 pro
784 1514 891 1541 rarione
911 1510 1064 1540 altitudinis
1077 1519 1224 1550 augeretur
1238 1532 1246 1544 ,
1265 1513 1297 1541 28
1321 1508 1438 1551 pollices
1455 1507 1567 1550 suspen-

338 1553 357 1584 si
379 1555 547 1598 hydrargyri
571 1559 599 1586 in
620 1555 712 1585 radice
728 1558 834 1585 montis
857 1553 892 1584 ad
916 1553 1037 1583 nihilum
1063 1550 1257 1594 redigerentur
1280 1556 1308 1582 in
1324 1550 1471 1582 altitudine
1489 1554 1567 1590 3668

339 1598 560 1640 hexapedarum.
581 1600 619 1628 At
641 1597 659 1628 fi
680 1602 728 1628 a'c'r
749 1600 838 1628 rarior
860 1597 915 1631 cst,
932 1607 989 1637 quo
1011 1594 1157 1625 sublimior
1172 1617 1180 1629 ,
1199 1598 1227 1624 in
1254 1605 1330 1637 parte
1353 1593 1487 1637 superiori
1506 1605 1567 1623 ma-

339 1644 400 1680 jore
422 1651 493 1682 opus
510 1642 547 1670 est
567 1640 718 1671 altitudine
740 1649 770 1671 ut
796 1639 985 1681 hydrargyrus
1003 1641 1082 1668 unius
1095 1636 1173 1667 limae
1191 1637 1306 1680 spatium
1328 1637 1466 1674 decurrat,
1480 1636 1566 1677 quam

340 1686 368 1713 in
390 1693 465 1724 parte
486 1682 638 1718 inferiorc3
653 1695 736 1726 atque
756 1682 827 1713 adeo
845 1685 918 1712 a'c'ris
945 1680 1064 1712 altitudo
1085 1678 1173 1723 longe
1189 1684 1280 1722 imjor
1303 1682 1393 1711 futura
1406 1680 1464 1713 est,
1479 1679 1565 1721 quim]

341 1729 418 1765 3668
437 1726 656 1768 hexapcdarum.

378 1770 483 1800 XVII.
508 1772 582 1810 Qae
598 1781 661 1800 :inte
684 1769 793 1811 aliquot
807 1779 895 1798 annos
908 1767 943 1798 ab
956 1779 989 1798 eo
1001 1766 1173 1810 deprehensa
1187 1767 1275 1796 fuerat
1291 1764 1446 1807 spectabilis
1466 1765 1494 1796 in
1511 1764 1566 1806 Jo-

342 1822 376 1841 ve
390 1811 498 1842 macula
511 1835 518 1847 ‚
530 1823 650 1854 qumque
668 1811 840 1855 jiinpridem
857 1821 1008 1840 evanuerat
1022 1833 1030 1845 ,
1049 1813 1150 1840 iterum
1170 1809 1207 1840 sui
1226 1811 1337 1852 copiam
1355 1807 1430 1838 fecit.
1448 1809 1487 1838 Ex
1503 1818 1567 1838 cre-

341 1854 399 1885 bris
422 1854 669 1886 observationibus
685 1878 693 1890 ‚
708 1854 785 1898 quod
802 1866 864 1885 ante
889 1857 945 1894 jam
967 1853 1093 1884 statuerat
1110 1855 1150 1884 D.
1176 1850 1282 1882 Cassini
1297 1877 1305 1889 ‚
1327 1851 1354 1881 id
1369 1854 1470 1881 iterum
1484 1862 1566 1882 com-

341 1898 472 1939 probavit
494 1920 502 1932 ,
525 1897 629 1932 Jovcm
653 1901 791 1929 nimirum
809 1900 882 1927 circa
906 1895 984 1926 suum
1002 1906 1131 1926 centrum
1156 1894 1243 1938 spatio
1270 1908 1286 1930 9
1316 1895 1450 1924 horarum
1477 1896 1506 1924 ὅ(
1531 1898 1566 1935 56

342 1940 538 1984 strupulorum
558 1940 677 1972 revolvi.

375 1985 459 2014 Hanc
479 1984 573 2014 mense
593 1984 729 2025 Januario
754 1983 892 2014 maculam
909 1981 1041 2012 reducem
1065 1981 1157 2015 vidit,
1182 1992 1299 2022 eantque
1315 1982 1408 2023 paucis
1428 1978 1487 2021 post
1501 1976 1563 2007 die-

342 2026 394 2058 bus
420 2028 461 2059 D.
484 2030 522 2058 D.
550 2029 665 2057 Buot&
688 2029 824 2058 Matiotte
843 2025 1057 2065 exhibuit,ejus
1079 2023 1215 2053 Pcriodos
1239 2023 1395 2053 admodum
1415 2019 1565 2063 aequabilcs

341 2074 372 2100 ἃ
399 2069 626 2109 longitudinibus
645 2069 774 2101 locorum
796 2067 962 2112 indagandis
984 2067 1046 2098 saris
1067 2066 1296 2097 accommodatas
1313 2075 1401 2108 putat.

371 2115 490 2148 XVIII.
501 2114 578 2145 Cum
591 2124 684 2146 autem
692 2112 765 2144 nihil
774 2115 863 2155 magis
873 2112 1084 2143 Astronomicas
1095 2109 1306 2142 observationes
1317 2106 1466 2139 conturbet
1478 2105 1564 2148 quam
