1638 2345
184 179 270 206 Am.

187 221 275 251 1608.

296 144 330 175 50
593 133 764 165 REGIAE
799 129 1185 163 SCIENTIARUM

328 187 353 206 2.
377 175 449 207 Solo
468 186 546 221 aquae
572 177 701 220 pondere
721 188 782 207 rota
814 175 867 207 suis
887 172 1022 205 asseribus
1044 174 1180 204 instruc'ra
1199 173 1236 206 fic
1268 177 1378 207 moveri
1406 176 1520 221 potest¹

294 231 323 250 ut
341 230 417 263 parte
433 219 564 250 inferiori
585 219 769 255 cffimdatur,
791 218 928 263 superiori
949 217 1111 261 impleatur.
1129 219 1218 249 Hunc
1240 220 1270 250 in
1291 218 1371 250 usum
1392 231 1521 251 concate-

295 267 373 294 natio
398 263 578 294 vasculorum
595 268 739 307 utrimque
761 274 829 295 rota:
853 262 890 294 fic
906 272 1038 306 aptantur
1053 283 1064 297 2
1088 271 1119 292 ut
1135 261 1204 293 dum
1230 274 1264 293 ex
1289 274 1345 293 una
1369 274 1445 307 parte
1466 266 1523 295 im·

295 306 408 349 plentur
428 318 498 350 aqua
510 332 518 346 ‚
539 319 573 337 ex
589 306 677 338 altera
694 307 905 338 exhauriantur.
931 307 1012 336 Tum
1032 308 1109 336 enim
1127 316 1189 336 rora
1203 317 1303 337 eorum
1325 307 1450 350 pudere
1459 318 1522 350 quse

294 350 449 394 implentur
461 372 470 386 ,
489 353 519 381 in
539 351 641 382 orbem
665 353 876 394 circumagitur.

327 406 352 432 3.
377 396 430 425 Vis
446 393 631 437 percussionis
649 397 678 426 in
696 405 767 437 aqua
785 406 818 425 ex
833 393 909 424 illius
926 391 1061 424 densitate
1081 395 1109 423 &
1125 403 1220 423 motus
1234 391 1385 424 velocitate
1398 392 1523 427 ducitur.

295 438 342 468 Sic
360 441 389 468 in
411 437 573 469 moletrinis
594 440 716 481 aquariis
735 441 763 468 &
786 437 901 481 pondus
919 448 996 480 aquae
1019 440 1048 468 ἃ
1069 439 1190 479 impetus
1213 434 1269 465 una
1297 447 1481 469 concurrunt.

331 493 362 519 4.
390 483 472 524 Aqua
491 481 638 524 profluens
663 492 721 512 non
737 480 836 512 eadem
857 484 885 512 vi
901 479 965 511 ferit
986 479 1106 510 obvium
1129 490 1249 522 corpu&
1274 490 1304 509 ac
1321 480 1443 511 solidum
1455 481 1524 523 quid

295 528 326 556 δέ
351 524 470 555 firmum
496 536 504 559 ·,
540 535 574 554 ex
595 526 752 555 innumeris
781 528 859 555 enim
888 523 997 554 constat
1027 521 1173 566 particulis
1205 521 1356 563 disjunctis
1378 546 1386 558 ,
1419 535 1481 566 quae
1503 524 1524 556 fi

295 571 422 611 primum
433 580 492 598 non
507 566 620 598 valeant
637 578 740 610 corpus
754 567 917 610 oppositum
936 577 1121 597 commovere
1133 586 1142 600 ,
1165 568 1194 595 in
1209 564 1306 608 seipsas
1326 579 1351 596 rt
1359 566 1438 597 flcxae
1454 578 1525 599 con-

295 610 477 654 sequentibus
490 610 663 653 corpusculis
678 611 741 642 sunt
753 610 959 653 impedimento
975 623 982 641 :
1006 609 1053 639 scd
1076 611 1203 651 corporis
1221 606 1284 639 dun
1298 612 1327 639 δέ
1349 609 1451 640 stabilis
1464 622 1527 654 par-

296 666 335 685 tes
351 666 452 686 omnes
471 653 553 685 simul
574 658 633 685 vim
656 654 732 685 suam
755 665 892 689 exerunt,
917 657 946 684 ὅ(
970 653 1046 683 suam
1063 663 1180 695 quaeque
1193 651 1382 683 direffioncm
1399 664 1524 686 tuci-tur.

298 699 435 729 Attamen
454 709 526 740 aqua
551 698 566 728 ὲ
594 696 772 741 syphunculo
785 708 816 733 7.
840 708 887 728 aut
909 697 976 728 οᾶο
992 695 1074 728 lincis
1096 694 1153 726 lato
1174 694 1272 725 saliens
1285 706 1385 738 corpus
1402 695 1452 726 filo
1467 697 1526 727 sus-

318 741 414 772 ensum
428 740 542 784 longius
559 741 700 785 protrudit
719 752 801 771 motu
821 739 996 771 horizontali
1018 739 1104 781 quim
1125 737 1228 781 globus
1251 738 1361 781 ligneus
1379 750 1458 781 aqna:
1479 751 1527 782 cy·

297 753 394 816 lindro
413 788 527 827 gravior
540 807 549 820 ‚
573 784 650 826 quod
680 784 791 827 pondus
809 782 970 827 suspensum
995 782 1082 826 quam
1098 784 1221 812 minimo
1244 792 1393 813 momento
1410 794 1528 814 movea-

299 839 345 858 tur
358 850 367 863 ‚
385 840 466 859 motu
483 828 601 871 quidem
621 827 671 858 sub
696 830 810 858 initium
828 827 927 862 tardo,
953 826 999 857 sed
1022 837 1108 869 quem
1134 835 1225 867 partes
1252 836 1331 867 aquae
1352 826 1527 869 consequen-

299 881 339 902 tes
361 870 482 902 celerius
501 883 697 915 promovent,
720 871 790 902 dum
812 870 827 899 :i
844 882 923 913 tergo
950 880 1070 912 urgent:
1092 879 1158 898 cum
1171 866 1275 910 globus
1299 869 1409 910 ligneus
1431 872 1527 913 primo

299 913 435 946 duntaxat
454 917 562 958 impetu
582 926 683 957 corpus
705 914 854 958 propellat.
877 914 933 944 Sed
950 913 999 943 ubi
1022 923 1125 955 corpus
1147 910 1250 952 pensile
1273 911 1380 942 sursum
1404 923 1528 944 moven-

298 957 370 988 dum
392 959 429 988 est
442 982 452 994 ‚
472 969 539 988 cum
559 958 590 988 id
613 961 737 1001 ingenita
759 957 803 988 sua
822 960 957 999 gravitate
979 955 1087 998 semper
1105 953 1237 990 obsistat,
1254 966 1326 996 aqua
1348 954 1447 985 saliens
1467 959 1528 998 pri·

299 1011 346 1030 ma
362 1000 545 1044 impressione
569 999 677 1031 sursum
695 1011 753 1030 non
774 999 860 1044 pellet
875 1023 884 1036 ,
909 999 958 1030 etsi
980 999 1083 1042 globus
1103 997 1214 1040 ligneus
1237 1001 1329 1041 prima
1351 997 1529 1042 perculsione

299 1054 386 1086 eaque
408 1043 547 1075 validiore
569 1043 642 1074 illud
664 1044 770 1074 sursum
787 1043 932 1086 propellit.

335 1100 361 1129 §-
381 1088 460 1118 Cum
480 1086 649 1132 syphunculi
671 1086 731 1117 sunt
750 1085 902 1128 inaequales
929 1109 938 1121 ‚
972 1084 1018 1116 scd
1043 1083 1158 1128 aequalis
1192 1084 1230 1114 est
1251 1082 1378 1114 celeritas
1404 1084 1529 1117 salientis

301 1141 380 1172 aquae
394 1153 403 1166 ‚
421 1133 558 1173 potentiae
586 1129 632 1161 seu
646 1133 780 1160 motrices
798 1132 871 1159 vires
888 1141 949 1160 earn
966 1132 1041 1160 intcr
1059 1128 1084 1158 se
1100 1127 1206 1158 habent
1224 1129 1366 1158 rationem
1390 1138 1475 1169 quam
1486 1128 1529 1160 su-

301 1172 442 1216 perficies.
458 1173 548 1216 Qod
562 1173 663 1217 probat
683 1175 754 1204 ratio
767 1196 777 1208 ,
800 1175 830 1203 ὅ(
852 1174 1025 1215 experientia
1038 1169 1200 1201 confirmat.
1223 1170 1301 1200 Nam
1313 1172 1357 1200 vis
1378 1169 1530 1213 percuffio-

301 1219 347 1246 nis
360 1216 512 1260 respondet
532 1215 764 1260 corpusculorum
788 1215 939 1258 aequalium
952 1241 959 1251 ‚
973 1226 1034 1258 quae
1050 1216 1186 1245 nimirum
1199 1224 1277 1254 :equa
1286 1212 1429 1244 celeritate
1442 1225 1530 1256 agun-

302 1269 348 1290 tur
359 1285 367 1295 ,
386 1263 556 1303 quantitati3
570 1271 654 1302 atque
673 1271 702 1290 ur
718 1257 877 1302 superficies
893 1262 974 1290 unius
990 1257 1139 1288 foraminis
1154 1255 1189 1288 ad
1206 1255 1321 1287 alterius
1333 1256 1530 1299 superficiem,

302 1301 339 1332 sic
354 1301 380 1333 se
401 1301 485 1334 haber
508 1302 658 1346 oequalium
679 1301 914 1345 corpusculorum
929 1304 1011 1333 unius
1033 1300 1124 1343 jadtfis
1139 1302 1279 1343 quantitas
1292 1299 1328 1330 ad
1352 1299 1467 1331 alterius
1489 1304 1531 1342 ja.

303 1345 368 1376 <stus
390 1349 601 1388 quantitatem,
624 1357 690 1377 cum
712 1345 811 1376 iisdem
834 1345 1012 1389 temporibus
1031 1344 1116 1374 ambo
1142 1347 1202 1375 vim
1227 1343 1302 1373 suam
1327 1354 1450 1374 exerant.
1463 1347 1531 1376 Un-

302 1388 339 1419 de
363 1388 383 1420 fi
401 1390 460 1420 duo
476 1388 616 1421 foramina
631 1392 661 1420 in
677 1400 794 1432 utraque
814 1400 890 1432 parte
912 1387 980 1420 vafis
995 1387 1145 1430 cylindrici
1165 1397 1253 1430 prop:
1272 1384 1360 1417 basim
1374 1386 1412 1417 fic
1429 1398 1531 1430 apten-

304 1442 368 1468 tur,
392 1443 423 1464 ut
448 1437 530 1464 unius
552 1433 690 1464 diameter
706 1432 738 1464 sir
761 1431 876 1463 alterius
900 1431 1004 1476 duplam
1024 1443 1107 1474 arque
1131 1442 1203 1472 aqua
1225 1430 1240 1460 ὲ
1257 1432 1363 1460 minori
1388 1429 1531 1463 foramine

304 1479 399 1506 exiens
424 1476 536 1520 pondus
554 1481 637 1508 unius
659 1480 751 1507 uncia:
773 1475 883 1507 attollat
896 1498 905 1511 ‚
930 1487 992 1518 qua·
1008 1474 1023 1504 ὲ
1043 1477 1145 1517 majori
1165 1472 1305 1504 foramine
1327 1471 1436 1514 effluit,
1453 1485 1531 1517 pon·

303 1517 357 1548 dus
382 1530 401 1557 4
426 1522 573 1550 unciarum
598 1519 719 1551 attollet.

334 1567 362 1592 6.
392 1562 452 1594 Ubi
466 1564 554 1594 iatstus
573 1575 620 1594 aut
643 1561 813 1606 syphunculi
833 1560 970 1605 :equalem
991 1559 1094 1591 habent
1117 1558 1315 1594 lutitudinem,
1336 1558 1383 1590 sed
1404 1561 1532 1603 inaequa-

304 1603 339 1635 lis
363 1605 401 1636 est
420 1618 520 1637 corum
544 1605 705 1640 velocitas,
735 1616 795 1636 tum
823 1604 949 1648 pondera
972 1602 1130 1638 attollunt,
1150 1613 1213 1645 qua:
1237 1605 1310 1633 inter
1333 1603 1358 1632 se
1388 1605 1531 1635 rationem

303 1648 407 1679 habent
429 1648 604 1692 duplicatam
619 1648 817 1681 velocitatum.
837 1649 916 1679 Cum
934 1649 1012 1678 enim
1035 1646 1171 1677 velocitas
1189 1648 1273 1675 unius
1294 1646 1333 1676 est
1353 1644 1467 1676 alterius
1480 1645 1531 1677 du-

305 1690 351 1732 pla
366 1714 375 1727 ,
398 1695 427 1722 &
445 1691 534 1734 duplo
555 1691 635 1734 plura
655 1703 733 1734 aquae
748 1690 913 1734 corpuscula
935 1689 1038 1720 eodem
1054 1700 1181 1732 tempore
1203 1688 1308 1719 feriunt
1327 1699 1431 1732 corpus
1441 1700 1532 1732 oppo-

305 1734 388 1765 fitum
402 1757 412 1770 ‚
432 1734 517 1779 dupla
540 1735 578 1766 est
594 1737 698 1767 horum
716 1738 844 1777 potentia
860 1747 866 1765 z
886 1733 960 1764 unde
975 1736 1003 1763 δι
1020 1732 1213 1775 quadruplum
1236 1730 1369 1774 ponderis
1381 1732 1531 1774 corpuscu-

305 1777 331 1808 la
346 1789 425 1817 aquae
449 1790 569 1810 numero
590 1778 676 1822 dupla
703 1777 845 1809 attollent.
864 1776 950 1807 Plura
974 1788 1032 1807 non
1055 1776 1178 1814 addam,
1199 1786 1264 1806 cum
1292 1774 1341 1805 ista
1358 1773 1465 1818 publici
1485 1778 1532 1818 ju-

305 1825 341 1852 ris
368 1821 441 1852 facta
461 1821 576 1853 fuerint.

334 1867 406 1896 V11.
434 1868 507 1906 Qae
529 1863 683 1896 commoda
703 1875 736 1895 ex
753 1867 920 1906 cognitione
936 1866 978 1894 vis
1005 1865 1133 1893 moti-icis
1153 1872 1232 1904 aqua:
1256 1865 1287 1893 ὃ(
1314 1863 1386 1892 aeris
1406 1861 1441 1892 ad
1465 1863 1532 1892 vitae

305 1907 434 1939 humana·
457 1908 539 1938 usum
561 1910 621 1951 capi
633 1904 737 1949 possint
749 1929 758 1943 ‚
779 1909 818 1937 D.
833 1910 953 1950 l-lugcns
969 1905 1108 1949 exposuit.
1129 1907 1195 1936 Eam
1211 1908 1351 1949 imprimis
1367 1904 1468 1935 utilem
1479 1903 1533 1936 esse

304 1955 333 1982 in
357 1952 568 1992 construstipne
590 1950 808 1981 moletrinarum
828 1953 961 1982 edocuit:
987 1961 1052 1980 nam
1076 1952 1105 1980 in
1126 1951 1245 1990 aquariis
1269 1948 1332 1979 data
1346 1958 1425 1990 aquae
1439 1959 1534 1990 quan-

305 1997 384 2026 titate
402 1997 431 2026 δε
447 1994 588 2026 celeritate
603 2017 612 2030 ,
633 2005 696 2035 quae
716 1997 758 2025 vis
768 1993 926 2025 moletrinae
947 1992 1039 2024 futura
1061 1992 1092 2023 sit
1105 2015 1113 2027 ,
1128 1991 1245 2022 definiri
1259 1991 1341 2023 facile
1360 1991 1470 2035 potest,
1490 1994 1532 2022 uti

309 2042 339 2068 ἃ
363 2041 391 2069 in
405 2037 566 2070 mole-trinis
583 2036 728 2072 alaribus,
751 2049 814 2079 qua·
833 2037 942 2068 alarum
964 2035 1133 2078 magnitudo
1158 2039 1340 2078 requiratur,
1367 2045 1398 2065 ut
1422 2045 1532 2065 certum

308 2081 445 2124 producat
464 2079 615 2116 effectum,
635 2092 669 2110 ex
685 2083 720 2112 iis
738 2091 800 2123 quae
817 2081 878 2112 sunt
899 2079 1036 2124 explicata
1047 2077 1162 2109 definiri
1180 2078 1278 2122 potest.
1302 2080 1396 2120 Hujus
1413 2088 1533 2120 compu-

308 2127 330 2155 ti
347 2121 567 2157 fundamentum
585 2136 620 2156 ex
635 2123 720 2156 fastis
742 2127 942 2169 experimentis
961 2121 1115 2166 colligitur.
1138 2124 1245 2166 Aqua,
1271 2134 1298 2155 v.
1322 2133 1365 2165 gr.
1394 2132 1427 2152 ea
1450 2121 1533 2152 velo-
