1638 2345
351 89 646 122 ACADEMIAE
681 92 1082 126 HISTORIA.1.11³.
1105 98 1130 127 1.
1312 110 1346 138 ¹7

116 127 145 160 se
165 129 268 162 habere
285 142 346 164 tum
367 137 493 178 primurn
515 135 582 166 hinc
604 134 754 179 suspicatus
771 136 860 167 fuerat
874 159 883 173 ‚
908 136 987 180 quod
1007 149 1073 169 cum
1094 139 1183 171 :estate
1208 152 1309 173 atnam
1334 143 1350 174 ὲ
1367 140 1462 185 Phyfi-

115 172 211 204 fidinis
226 173 373 217 paludibus
392 188 481 221 prope
495 177 649 222 Rupellam
665 180 807 221 adjectam
823 180 878 212 una
894 192 961 212 cum
982 180 1037 213 sale
1059 186 1156 214 tartari
1171 154 1351 224 adhibuisset,
1365 196 1407 217 ca.

114 227 148 247 ut
162 217 372 262 hydrargyrum
396 225 425 252 in
447 221 546 265 spiritu
561 225 629 254 nitri
647 223 813 256 diffolutum
837 228 1012 270 praecipitem
1033 237 1150 269 ageret,
1175 229 1266 259 statim
1280 241 1353 262 uter-

115 271 171 303 que
189 261 235 293 hic
255 261 351 306 liquor
367 277 444 308 aquae
459 268 576 297 marinae
600 270 631 298 &
648 266 711 298 salis
730 271 827 300 tartari
846 272 877 301 in
895 268 1047 312 coagulum
1067 273 1099 301 ὅ(
1123 270 1243 302 craffiim
1262 271 1354 316 liqua-

114 314 182 335 men
202 305 282 342 abiit,
305 308 510 352 praecipitando
521 309 700 354 hydrargyro
715 312 830 356 prorsus
849 315 978 356 ineptum
996 325 1004 348 i
1019 316 1063 345 cui
1083 318 1301 359 praecipitatiom
1313 315 1353 348 cf-

113 345 244 380 ficiendae
266 348 353 381 salem
373 363 557 383 communem
576 356 607 384 in
621 366 693 397 aqua
711 355 871 387 exsolutum
884 368 953 388 cum
974 356 1029 387 sale
1045 362 1141 390 tartari
1165 358 1351 403 permiscuit,

112 393 146 420 &
169 403 203 422 ex
223 404 344 438 utroque
356 395 462 438 prodiit
487 395 581 440 liquor
602 396 737 442 limpidius
756 402 805 443 qui
828 403 1087 444 praecipitationem
1105 406 1238 433 mercurii
1254 403 1352 435 effecit

109 434 223 476 qualem
239 448 397 481 optaverat.
418 440 495 470 Cum
510 443 594 483 igitur
621 442 677 473 hoc
698 441 871 475 discriminis
892 448 964 476 inter
984 444 1070 476 salem
1087 456 1293 483 communem,
1317 449 1350 478 δε

109 488 176 509 eum
198 483 247 524 qui
272 480 414 522 ejusmodi
436 494 514 525 aquae
539 485 608 516 inest
621 508 630 521 ‚
649 487 890 519 animadverteret
909 511 919 524 ,
938 487 1009 532 aqua
1029 491 1101 531 ignis
1120 489 1216 520 calore
1238 489 1351 522 exhala-

109 520 140 551 ta
152 543 161 557 ,
188 535 222 553 ex
236 535 291 568 qua
308 524 346 555 sal
367 525 462 556 calore
487 526 553 557 solis
572 530 631 569 jam
647 530 764 561 eductus
780 529 871 562 fuerat
882 557 891 570 ‚
906 531 987 563 illam
1006 531 1069 562 salis
1087 537 1302 565 concretionem
1316 545 1350 565 κ-

111 565 162 605 gre
181 565 244 597 fieri
256 590 265 603 ,
287 579 377 612 neque
394 581 424 599 ea
440 568 575 601 facilitate
588 583 643 614 qua
664 573 735 605 solet
751 577 779 605 in
798 574 852 605 sale
869 586 941 617 aqua
957 574 1088 607 exsoluto
1100 580 1261 621 comperit,
1272 589 1349 608 eum-

110 617 167 648 que
183 610 268 641 citius
290 615 350 642 aeri
379 612 536 656 expositum
555 612 726 658 liquescere,
751 616 844 648 acrius
872 616 1001 661 linguam
1022 631 1147 662 pungere
1169 632 1236 651 cum
1249 620 1350 652 acerba

109 650 281 694 stipticitate.

156 696 245 728 Unde
265 708 329 728 cum
353 697 440 730 salem
464 700 578 732 acidum
601 701 655 732 effe
677 701 819 735 intellexit
841 717 849 736 :
872 715 1063 749 praeterquam
1083 717 1149 738 cum
1171 705 1229 738 sale
1252 714 1347 741 tartari

109 740 259 780 permistus
283 740 363 772 illam
387 742 483 775 effecit
503 744 732 788 coagulationem
750 760 837 791 quam
859 747 929 778 sales
949 750 1023 780 acidi
1041 762 1088 782 aut
1103 751 1285 782 mercuriales
1306 753 1347 783 so-

108 781 169 814 lent
184 782 295 815 efficere
310 795 318 818 ς
335 787 417 828 quod
440 786 478 818 sal
499 792 660 820 communis
678 801 739 821 non
763 792 889 834 praestat,
907 803 973 823 curn
992 796 1016 824 is
1032 797 1123 838 magis
1136 794 1301 838 sulphureus
1315 796 1347 828 fit

111 828 144 856 δέ
166 838 230 858 acer
246 853 254 863 ,
275 827 361 871 quam
382 830 488 862 acidus,

143 872 207 902 IV.
242 870 352 902 Illustre
374 872 450 904 aliud
472 878 699 918 experimentum
718 902 726 912 ,
744 880 823 920 cujus
844 878 902 910 alio
925 878 991 910 loco
1012 881 1218 922 meminimus,
1240 888 1347 915 nonni-

108 912 152 943 hil
169 912 239 946 lucis
264 915 365 946 afferre
391 918 480 961 potcst
505 918 685 950 minetali:s1n
713 923 773 951 imo
793 925 823 953 δε
849 922 1032 954 metallorum
1057 928 1235 967 generationi
1253 927 1346 970 expli—

108 957 215 989 candae.
238 961 272 989 In
294 970 367 989 terra
391 960 524 1001 argillosa
538 973 626 1006 prope
641 965 783 995 Lutetiam
803 969 833 996 &
857 965 919 997 aliis
942 965 1043 1009 paffirn
1065 971 1095 998 in
1118 966 1200 1005 locis,
1213 969 1292 1001 duiae
1313 975 1345 1002 &

110 997 276 1044 ferrugineae
305 1001 465 1035 Marcafistae
484 1005 617 1047 oblonga:
634 1009 665 1036 ὅ(
690 1006 765 1037 leves
780 1019 952 1049 occurrunt,
975 1021 1038 1052 quae
1059 1010 1203 1048 contusoe,
1231 1017 1263 1043 &
1296 1013 1345 1045 sub

109 1046 186 1074 testo
211 1048 270 1076 a'e‘ri
286 1045 418 1089 exposita:
438 1059 495 1090 prm
519 1051 593 1079 aeris
611 1049 781 1081 humiditate
805 1053 833 1082 in
855 1052 1001 1095 pulverem
1022 1059 1255 1086 comminuuntur
1268 1079 1278 1092 ‚
1313 1062 1345 1089 δέ

106 1087 251 1130 quosdam
270 1088 348 1120 velut
367 1089 452 1121 flores
477 1103 522 1122 aut
539 1091 683 1123 filamenta
700 1096 832 1125 emittunt
855 1107 940 1126 muco
964 1108 1022 1127 non
1041 1097 1187 1129 dissimilia
1201 1122 1210 1134 ‚
1238 1100 1345 1132 subalbr

107 1129 238 1167 coloris,
260 1133 363 1175 stiptici
388 1133 433 1165 seu
454 1134 651 1178 adstringentis
671 1135 786 1180 saporiS.
815 1139 900 1181 Aqua
922 1139 967 1170 his
994 1140 1135 1184 superfusa
1154 1143 1219 1185 post
1236 1143 1344 1188 aliquot

109 1172 172 1205 dies
194 1187 328 1218 magnam
349 1176 412 1208 salis
432 1181 545 1222 copiam
566 1178 682 1214 eduxit,
707 1179 815 1212 tametsi
843 1181 950 1225 lapides
974 1194 1038 1214 ante
1060 1183 1145 1215 essent
1162 1185 1274 1228 prorsus
1296 1192 1345 1218 in-

109 1215 203 1261 fipidi.
225 1219 379 1263 Postquam
403 1233 473 1264 aqua
496 1223 551 1252 hoc
573 1221 628 1252 sale
650 1222 758 1254 imbuta
780 1228 810 1255 &
829 1228 887 1268 igni
907 1225 1024 1258 admota
1045 1239 1080 1259 eo
1096 1228 1184 1270 usque
1209 1229 1320 1262 ebulliit
1336 1254 1344 1267 ,

108 1260 178 1291 dum
199 1262 334 1305 pellicula
353 1275 503 1308 appareat,
525 1265 583 1297 duo
599 1265 698 1297 salium
719 1278 821 1309 genera
840 1269 983 1313 prodeunt
1001 1282 1063 1312 quae
1085 1271 1182 1314 sapore
1198 1276 1229 1304 &
1245 1274 1344 1305 colore

105 1303 245 1337 differunt
262 1317 271 1341 3
293 1309 373 1350 prior
394 1306 432 1337 sal
455 1307 562 1352 frigore
582 1309 747 1352 congelatur
760 1334 769 1346 ‚
793 1323 824 1342 ac
840 1324 942 1355 purum
968 1314 1005 1345 est
1030 1315 1178 1347 vitriolum
1202 1317 1293 1348 viride
1311 1322 1343 1349 δε

108 1346 312 1381 ferruoineum.
337 1349 398 1382 Ubi
409 1362 486 1394 aquae
506 1352 658 1397 superstitis
678 1365 740 1396 pars
762 1367 864 1398 magna
881 1356 1045 1393 exhalavit,
1065 1358 1142 1389 aliud
1166 1358 1230 1390 salis
1254 1373 1344 1403 genus

107 1375 216 1423 subalbi
236 1393 342 1425 colotis
358 1397 388 1425 ὃ(
406 1394 519 1427 craffius
539 1400 568 1428 vi
586 1395 700 1440 frigoris
719 1398 876 1431 concrescit
888 1422 897 1435 ‚
918 1399 1047 1432 subrubri
1066 1402 1172 1434 coloris
1193 1406 1272 1447 quod
1289 1409 1342 1435 aci-

107 1434 170 1466 dius
185 1436 317 1474 videtur,
341 1440 372 1469 δε
395 1437 431 1468 de
449 1439 558 1471 metalli
580 1451 678 1471 natura
699 1438 858 1483 plurimum
881 1442 985 1475 refert:
1002 1451 1067 1475 cum
1088 1444 1127 1476 sal
1141 1458 1206 1477 ante
1225 1458 1343 1479 concre-

107 1489 151 1509 tus
176 1478 209 1510 sit
243 1484 332 1524 magis
362 1480 538 1524 sulphureus.
560 1487 634 1527 Qae
656 1483 777 1527 superest
803 1497 874 1530 aqua
892 1486 1027 1518 subrubra
1045 1492 1075 1519 «Sc
1104 1488 1241 1521 lutulenta
1260 1491 1343 1523 instat

105 1521 166 1552 olei
183 1534 216 1553 ex
238 1523 291 1555 lini
309 1524 415 1555 semine
433 1526 552 1569 expreffi
576 1531 712 1558 acerrima
724 1529 762 1558 est
778 1551 786 1563 ,
808 1540 895 1571 eaque
917 1530 1046 1562 exhalata
1071 1532 1148 1564 velut
1164 1545 1286 1565 amurcae
1302 1534 1344 1565 fe-

104 1575 152 1595 ces
171 1567 272 1599 restant
291 1582 298 1599 :
326 1578 388 1609 quat
410 1568 429 1599 fi
450 1569 555 1602 diutius
577 1574 637 1614 igni
657 1571 886 1609 admoveantur,
911 1574 995 1604 instar
1021 1575 1127 1618 argillae
1150 1580 1263 1620 pinguis
1280 1603 1289 1617 ‚
1314 1582 1342 1610 in

106 1612 175 1639 ae're
199 1621 293 1642 tamen
314 1612 487 1643 exsolubiles
513 1614 718 1647 concrescunt:
742 1615 813 1646 adeo
833 1628 863 1647 ut
885 1628 919 1648 ex
938 1629 969 1647 ea
994 1619 1145 1650 minerales
1162 1632 1247 1663 aquas
1267 1621 1342 1653 effici

103 1653 183 1696 posse
205 1655 376 1686 existimaret
399 1659 443 1686 vir
465 1657 600 1688 cruditus.
624 1661 716 1689 Terra
743 1659 960 1692 Marcaficamm
979 1664 1059 1705 nigra
1074 1667 1104 1695 δε
1126 1662 1175 1694 suo
1199 1663 1254 1694 sale
1277 1677 1342 1696 exu-

107 1707 135 1726 ta
158 1699 260 1728 iterum
283 1700 343 1730 a‘e'ri
367 1698 401 1729 sic
429 1699 554 1743 expolita
574 1701 650 1738 fuit,
671 1713 703 1732 ut
720 1702 734 1732 ὲ
750 1702 846 1746 pluvia
864 1716 922 1736 tuta
943 1705 1028 1742 effer,
1051 1717 1112 1738 tum
1133 1706 1257 1739 mulium
1280 1709 1342 1740 salis

105 1738 187 1771 dedit
203 1762 213 1776 ‚
234 1753 321 1785 eaque
341 1743 466 1785 pendere
492 1745 624 1776 nonnihil
644 1748 724 1776 aucta
743 1747 789 1778 cst,

139 1785 178 1814 V.
199 1785 311 1828 Argilla
328 1797 361 1816 ex
381 1799 435 1830 qua
457 1788 599 1831 prodeunt
620 1788 796 1826 Marcasrtxm
822 1802 974 1833 antequam
997 1796 1056 1824 a‘e'ri
1070 1805 1244 1838 exponatur,
1268 1795 1341 1826 mol-

105 1824 142 1856 lis
163 1827 201 1858 est
218 1832 248 1859 ὃ(
275 1829 381 1860 viscosa
394 1852 403 1865 ,
432 1833 531 1862 odoris
551 1835 648 1863 omnis
670 1836 700 1863 ἃ
725 1834 832 1876 saporis
850 1846 949 1879 expers
964 1850 971 1867 ι
997 1838 1145 1880 postquam
1160 1842 1220 1870 a'c'ri
1236 1838 1285 1869 sub
1299 1850 1341 1870 te—

105 1872 154 1899 Cto'
175 1882 225 1914 pet
242 1871 477 1916 aliquotmenscs
499 1874 551 1906 fuit
577 1875 701 1916 txi-ofita
716 1902 724 1915 ‚
747 1880 775 1907 in
802 1876 918 1909 frustula
940 1879 1064 1917 fatiscit,
1092 1893 1153 1924 qux
1177 1885 1205 1913 in
1226 1887 1341 1925 nigrum

104 1913 210 1944 abeunt
224 1915 387 1958 pulverem,
411 1929 504 1960 exque
525 1918 646 1950 ociorem
672 1920 805 1963 spargunt
826 1922 941 1953 acidum
960 1946 969 1958 ,
992 1935 1110 1967 tumque
1132 1937 1166 1956 ex
1186 1929 1219 1956 iis
1239 1928 1341 1956 vitrio-

94 1955 167 1987 lum
189 1957 253 1989 clici
278 1961 375 2001 potest.
398 1964 550 2003 luteris-{lm
567 1962 677 2005 aliquot
700 1975 839 1996 annorum
856 1966 943 2010 spatio
958 1968 1013 1998 hoc
1031 1968 1138 2007 argilla:
1159 1980 1249 2011 genus
1265 1968 1341 1999 odo-

105 2012 166 2031 rem
187 2000 271 2045 spirat
290 2003 471 2046 sulphureum
489 2031 497 2041 ‚
526 2010 555 2038 ἃ
583 2019 609 2037 tn
634 2006 799 2039 Marcafitas
817 2010 940 2049 cujusvis
956 2005 1160 2054 magnitudinis
1180 2012 1256 2043 abit:
1274 2023 1339 2043 cum

107 2044 265 2076 Marcafitae
279 2057 341 2088 qum
355 2051 383 2078 in
392 2049 490 2091 argilla
500 2050 582 2081 molh
594 2055 636 2094 ἰπὶ
650 2050 757 2092 isquam
771 2056 830 2083 ae‘ii
843 2065 1018 2096 exponatur,
1037 2066 1201 2090 occurrunt,
1213 2060 1261 2087 vix
1273 2067 1339 2099 qua-

106 2098 172 2121 tuor
188 2089 329 2133 pollicum
352 2089 564 2135 longitudinem
586 2105 733 2138 exaequeut
755 2097 905 2134 rotundae,
928 2103 1035 2141 uigrae,
1056 2102 1086 2130 ἃς
1104 2098 1251 2141 subnigrae.

1164 2143 1191 2173 C
