1638 2345
334 145 391 172 ²90
626 129 794 164 REGIAE
843 124 1253 160 SCIENTIARUM

222 180 311 210 ANN.
331 181 374 221 gis
392 176 525 208 deflecht
536 187 626 219 quam
640 177 750 207 Lutetia
764 171 944 204 Parisiorum.
972 175 1084 203 Verum
1097 171 1146 202 ista
1164 168 1250 202 fufius
1263 170 1292 203 in
1307 172 1389 203 Aeskis
1401 171 1564 205 Academiae

225 230 311 262 ¹⁶92·
333 220 472 264 explicata
491 222 611 264 reperies
633 241 642 254 ,
669 220 711 249 uti
734 221 765 248 &
782 219 903 248 Veneris
921 214 1049 258 eclipsim
1071 225 1134 258 quae
1154 226 1182 253 ¹9
1212 215 1288 246 Maii
1307 215 1376 246 hora
1391 216 1453 258 post
1474 220 1566 248 meri-

332 265 410 295 diem
430 267 511 295 tertia
534 267 565 295 δε
588 273 623 293 20
647 264 718 292 min.
735 272 769 291 ex
792 258 960 305 interpositu
976 261 1065 290 Lunae
1088 258 1104 288 ὲ
1125 258 1164 288 D.
1179 256 1301 290 Cassino
1326 257 1378 289 fuit
1397 258 1566 295 observata,

332 318 451 350 qua-qne
463 318 542 337 antea
562 316 710 347 nunquam
723 303 789 335 Sole
802 303 983 335 illucescente
999 301 1057 334 visa
1068 299 1156 333 fixerat
1182 316 1189 333 :
1215 301 1263 333 sed
1279 299 1341 333 tubi
1353 303 1442 344 oprici
1455 301 1567 334 benefi-

332 355 378 382 cio
398 350 447 382 sub
459 350 602 392 alpcerum
621 352 700 380 venit
722 362 728 379 :
752 359 818 378 curn
836 346 851 377 ὲ
864 345 956 378 limbo
968 348 1097 390 corporis
1115 347 1233 376 Lunatis
1249 348 1360 380 exiret,
1385 344 1476 376 multo
1495 344 1567 377 luci-

331 394 397 424 dior
417 403 474 423 erat
500 391 580 423 Luna
599 391 659 434 ipsi
677 414 687 428 ‚
721 391 870 435 postquam
898 391 938 421 sui
956 392 1070 432 copiam
1088 387 1166 420 fecit.
1192 391 1279 420 Lunae
1303 387 1398 418 Phafis
1417 391 1446 419 δε
1469 392 1567 420 Venus

332 441 391 476 ejus
415 438 537 478 margini
555 435 700 475 colirerens
714 438 743 465 in
761 436 840 466 Aeris
859 433 962 466 mensis
974 434 1055 475 Junii
1071 430 1125 462 fuit
1147 431 1296 463 delineata.
1322 434 1355 462 1n
1371 432 1451 462 Astis
1466 431 1568 463 meniis

332 481 404 509 Maii
429 480 598 519 conjunstio
628 480 731 509 Martis
758 481 789 509 ὅ(
814 480 900 509 Luna:
924 488 985 519 quae
1005 477 1127 516 contigit
1148 474 1194 506 die
1218 486 1253 507 υ.
1273 474 1381 518 Aprilis
1403 497 1412 511 ,
1440 486 1570 506 comme-

330 533 457 552 moratur
470 543 479 555 ,
502 533 590 564 eaque
611 521 674 552 satis
702 520 800 552 similis
815 532 873 551 erat
898 519 1102 561 conlundiioni
1123 516 1158 548 ab
1188 517 1341 549 AristOtele
1359 517 1379 550 l.
1399 530 1414 549 2
1435 517 1470 548 de
1489 517 1568 550 coelo

332 576 358 595 c.
379 577 408 596 ιι
432 564 524 595 relato:
538 587 549 601 ‚
568 576 656 608 quam
676 562 816 608 chlerus
835 561 963 595 accidiss'e
983 572 1059 594 anno
1080 571 1126 604 357
1141 572 1204 593 ante
1217 562 1364 593 Christum
1383 571 1482 592 natum
1503 563 1571 605 opiff

332 619 426 638 natur.

375 653 462 683 VII.
502 652 549 681 Sic
563 649 711 682 transitum
731 651 835 681 Martis
856 662 905 694 per
927 647 1095 682 nebulosam
1118 650 1222 681 Cancri
1245 648 1290 680 die
1314 660 1347 680 22
1376 651 1406 679 &
1425 660 1455 688 ²3
1476 648 1517 680 D.
1528 650 1568 681 D.

331 692 442 725 Caffini
462 697 492 725 δέ
514 694 549 724 de
571 693 595 724 la
620 696 692 725 Hire
708 705 811 737 magna
836 705 903 725 cura
923 692 1111 725 observarunt
1135 707 1143 725 ε
1171 691 1279 724 tametsi
1299 691 1424 723 diversas
1445 694 1568 722 inierunt

334 740 404 768 vias.
433 738 474 769 D.
497 736 604 767 Cassini
632 737 700 768 duas
724 737 877 769 lucidiores
903 740 962 779 ejus
979 736 1204 768 constellationis
1227 735 1358 779 selegerat
1378 759 1386 771 ‚
1411 745 1481 777 quas
1495 737 1568 765 inter

337 781 418 812 Mars
439 779 602 812 transiturus
622 791 679 811 erat
697 780 744 812 die
768 793 797 821 ²3
818 783 916 816 Maii,
937 791 966 811 ut
987 781 1154 824 praedixerat
1176 780 1217 811 D.
1241 781 1280 810 Le
1298 782 1394 809 Fevre.
1416 779 1457 808 D.
1476 779 1523 808 De
1543 777 1568 809 la

338 825 412 854 Hire
440 824 522 866 hujus
544 822 766 854 constellationis
803 828 897 863 (nam
919 822 996 853 stella
1021 835 1140 866 qumque
1170 822 1305 853 nebulosa
1331 823 1369 852 est
1394 821 1567 853 stellularum

336 870 507 909 congeries)
529 865 650 910 figuram
672 865 757 909 longe
779 878 859 898 antea
880 865 1052 897 delineatam
1068 866 1211 897 consuluit
1225 888 1235 901 ‚
1262 868 1291 896 δι
1317 867 1422 896 Martis
1446 868 1498 896 iter
1519 876 1569 908 pet·

335 908 457 952 lingulas
479 909 602 943 stellulas
620 913 650 940 in
674 907 764 952 figura
784 908 830 940 sua
846 908 1001 940 delineavit
1036 923 1042 940 :
1061 909 1142 952 quod
1162 911 1265 939 Martis
1288 907 1424 952 positioni
1447 905 1571 951 cognos-

336 952 433 983 cendae
456 963 560 995 magno
579 952 616 982 est
628 953 744 983 auxilio.
781 954 877 994 Atque
890 952 1056 993 hujusmodi
1075 951 1254 995 planetarum
1266 952 1484 991 conjunffiones
1504 961 1570 982 cum

334 995 420 1025 stellis
437 994 500 1026 fixis
519 999 551 1027 &
570 1006 636 1025 cum
651 993 792 1026 nebulosis
814 995 938 1026 maxime
954 1007 1012 1025 non
1033 995 1188 1026 mediocris
1207 994 1245 1026 est
1261 997 1291 1025 in
1314 994 1498 1025 Astronomia
1512 997 1570 1026 uti-

335 1037 430 1069 litatis.
454 1040 500 1069 De
521 1040 563 1069 his
583 1038 644 1069 fuse
660 1041 689 1068 in
707 1040 787 1069 Aeris
808 1037 910 1069 mensis
930 1038 1020 1080 Junii.

378 1083 486 1113 VIII.
522 1083 600 1112 Cum
615 1081 661 1112 die
685 1085 718 1113 28
740 1081 812 1124 Julii
838 1081 953 1125 Eclipfis
971 1085 1057 1113 Lunx
1071 1093 1159 1125 eaque
1176 1081 1364 1126 horizontalis
1385 1082 1479 1112 futura
1491 1080 1570 1118 esser,

336 1127 420 1155 variis
444 1128 474 1155 in
495 1125 596 1156 Galliae
615 1123 685 1154 locis
701 1126 867 1155 Astronomi
890 1129 987 1156 omnia
1009 1137 1141 1168 paravere
1164 1125 1347 1156 instrumenta
1361 1124 1465 1167 quibus
1487 1136 1571 1156 accu-

337 1179 400 1198 rato
416 1167 560 1199 observari
579 1167 668 1211 posset
680 1190 688 1204 ‚
701 1168 747 1199 sed
766 1168 872 1211 ubique
896 1169 953 1200 fere
978 1181 1026 1212 per
1043 1168 1152 1200 coelum
1170 1168 1298 1199 nubibus
1318 1167 1480 1199 obductum
1505 1180 1569 1200 eam

344 1210 441 1242 videre
463 1211 622 1242 nonlicuit.
644 1214 762 1243 Lutetia·
783 1211 927 1243 interdurn
950 1223 998 1253 per
1023 1211 1120 1242 nubila
1141 1212 1198 1242 visa
1221 1212 1258 1241 est
1282 1214 1383 1246 Luna,
1407 1211 1453 1241 sed
1479 1212 1570 1243 statim

337 1253 428 1284 oculis
450 1255 475 1285 se
497 1253 639 1285 subduxit.
675 1254 808 1296 Lugduni
832 1266 925 1285 tamen
946 1255 961 1284 ,ἱ
985 1256 1024 1284 D.
1048 1254 1168 1289 Cuss'et‚
1194 1266 1281 1298 prope
1309 1253 1464 1284 Massiliam
1488 1254 1502 1284 ὲ
1529 1257 1572 1286 D.

337 1297 491 1327 Clmzelles
517 1297 679 1339 complures
702 1296 819 1327 macula:
845 1298 947 1327 umbra
969 1297 1079 1328 telluris
1104 1297 1237 1327 obductae
1260 1297 1372 1328 fuerunt
1394 1297 1570 1334 observam,

338 1338 384 1370 sed
413 1351 472 1370 non
495 1341 603 1370 eaedcm
632 1339 784 1381 utrobique
805 1338 870 1371 visa:
897 1340 969 1370 sunt.
1002 1340 1078 1370 Cum
1099 1351 1191 1370 autem
1215 1339 1243 1370 id
1268 1339 1339 1382 sss&
1368 1343 1480 1370 eveniat
1500 1364 1511 1376 ,
1540 1353 1570 1372 ut

338 1381 468 1424 qnaedam
489 1385 574 1413 Lunae
594 1382 710 1412 maculae
736 1383 860 1425 quodam
879 1385 907 1412 in
935 1382 1000 1413 loco
1020 1382 1121 1414 umbra
1144 1393 1223 1413 teriae
1245 1393 1368 1425 opacata:
1385 1404 1394 1417 ‚
1415 1381 1476 1412 alim
1501 1383 1571 1415 alibi

338 1436 488 1456 cernantur
506 1451 514 1464 ,
539 1425 709 1456 methodum
737 1436 862 1467 paratam
882 1429 911 1456 δέ
936 1424 1049 1455 facilem
1071 1425 1216 1469 proposuit
1236 1427 1277 1458 D.
1291 1424 1399 1455 Caffini
1417 1436 1473 1467 qua
1492 1428 1522 1457 in
1535 1438 1570 1458 eo

338 1467 401 1499 casu
419 1467 587 1499 differentiae
607 1469 825 1511 longitudinum
846 1469 998 1512 explorata·
1025 1468 1182 1500 habeantur
1195 1490 1204 1504 ,
1223 1480 1309 1511 quam
1330 1471 1359 1499 in
1375 1470 1455 1500 Astis
1474 1483 1500 1513 p.
1518 1481 1568 1512 133

339 1510 465 1542 dilucide
483 1512 654 1555 explicatam
671 1511 814 1543 offendes.

382 1556 446 1587 IX.
487 1557 607 1585 Veneris
632 1566 698 1586 cum
732 1554 798 1586 Sole
822 1557 1057 1598 conjunstionem
1081 1558 1110 1586 in
1138 1554 1319 1599 longitudine
1348 1555 1400 1587 tite
1419 1555 1570 1587 observate

339 1598 487 1640 permagni
504 1598 541 1628 est
561 1601 721 1633 momenti,
739 1610 796 1641 quo
815 1602 875 1640 ejus
893 1598 1078 1630 revolutionis
1093 1609 1204 1642 tempus
1220 1598 1382 1632 definiatur.
1409 1601 1478 1638 Hec
1492 1603 1572 1641 juxta

340 1639 448 1670 tibialis
469 1641 671 1684 Rodolphinas
692 1641 737 1671 die
756 1655 768 1682 3
790 1642 966 1684 Septembris
989 1643 1059 1673 hora
1081 1645 1180 1684 quinta
1201 1654 1266 1673 cum
1293 1655 1334 1681 40
1349 1645 1419 1673 min.
1433 1642 1493 1685 post
1509 1654 1572 1673 me-

340 1682 443 1713 ridiem
465 1687 580 1715 Lutetia:
598 1687 764 1726 contingere
784 1709 794 1721 ,
815 1696 849 1714 ex
871 1684 974 1716 tabulis
997 1686 1116 1717 Danicis
1143 1688 1375 1728 Longomontani
1398 1685 1444 1715 die
1464 1698 1479 1717 2
1500 1686 1571 1716 hora

337 1739 355 1765 7
382 1730 411 1756 ἃ
434 1738 469 1757 zo
492 1730 562 1757 niin.
588 1726 648 1757 fieri
671 1727 780 1760 debuit.
807 1727 866 1759 Sed
888 1727 935 1758 die
964 1742 983 1768 4
1006 1729 1075 1759 hora
1096 1739 1114 1766 7
1136 1733 1274 1760 maturina
1298 1732 1327 1759 Β(
1354 1740 1372 1767 7
1393 1731 1464 1758 min.
1485 1728 1501 1758 a
1527 1730 1569 1760 D.

339 1768 458 1801 Cassino
480 1792 490 1805 ,
509 1782 554 1800 aut
568 1770 676 1814 aliquot
696 1772 758 1814 post
779 1773 896 1801 minutis
917 1771 933 1801 εὶ
958 1773 1000 1801 D.
1019 1771 1150 1801 Sedileau
1170 1771 1223 1804 fuit
1243 1771 1400 1802 observata.
1426 1771 1571 1803 Meridia..

338 1822 409 1843 num
429 1812 567 1843 circulum
584 1825 631 1856 pet
655 1826 674 1850 4
695 1818 765 1845 min.
795 1817 930 1858 temporis
945 1813 1101 1857 pertransiit
1116 1837 1125 1849 ‚
1146 1825 1211 1845 cum
1226 1818 1286 1856 ejus
1301 1825 1407 1845 cornua
1421 1815 1571 1846 horizonti

339 1853 426 1886 essent
446 1855 579 1898 parallcla
600 1870 606 1887 :
633 1857 704 1887 adeo
725 1869 754 1889 ut
775 1857 910 1888 diameter
934 1861 1055 1889 Venetis
1074 1860 1217 1889 minutum
1239 1870 1327 1889 unum
1348 1861 1377 1888 in
1398 1857 1446 1888 suo
1461 1857 1569 1890 circulo

339 1897 476 1940 parallelo
490 1924 498 1934 ,
521 1909 565 1930 aut
586 1900 665 1942 quod
686 1900 762 1930 idem
779 1913 849 1944 pene
869 1901 946 1936 fuit,
968 1903 999 1932 in
1017 1900 1221 1944 AEquinozstiali
1237 1912 1388 1945 occuparet
1412 1915 1418 1934 z
1444 1905 1568 1934 maxima

339 1944 398 1982 ejus
419 1941 538 1972 latitudo
555 1953 615 1972 rum
639 1943 691 1973 fuit
716 1946 731 1973 8
753 1955 795 1984 gr.
812 1949 848 1983 48
866 1958 872 1975 ε
895 1944 960 1974 vide
980 1946 1053 1975 Aera
1077 1956 1106 1987 p.
1123 1949 1184 1984 167.

392 1987 429 2015 X.
467 1987 514 2015 Sic
536 1985 575 2016 D.
593 1988 637 2016 De
657 1985 682 2015 la
699 1987 771 2019 Hire
791 1998 902 2018 morum
923 1991 1043 2018 Veneris
1057 1998 1121 2018 cum
1141 1988 1241 2018 tabulis
1256 1988 1452 2032 Rodolphinis
1470 1990 1562 2019 minus

339 2031 494 2059 convenire
512 2039 546 2058 ex
562 2031 646 2059 variis
660 2028 908 2060 observationibus
929 2033 1047 2062 Veneris
1067 2033 1094 2060 in
1112 2030 1161 2061 suo
1175 2031 1253 2062 nodo
1271 2035 1419 2076 comperit.
1445 2033 1561 2062 Horoc-

340 2073 399 2100 cius
413 2093 422 2105 ,
440 2083 468 2102 nt
482 2071 591 2102 dicium
610 2070 680 2107 fuit,
696 2084 771 2102 anno
796 2080 872 2112 1639
890 2073 936 2104 die
949 2087 970 2114 4
986 2073 1156 2104 Decembris
1167 2074 1237 2114 stylo
1253 2086 1347 2112 novo,
1362 2077 1480 2107 Veneris
1494 2084 1566 2104 con-

341 2120 517 2155 jt1n=.‘t·.v11<1n
535 2127 600 2147 cum
618 2115 684 2147 Sole
704 2115 865 2148 observavit
892 2130 898 2147 :
921 2117 1013 2148 nodus
1034 2117 1184 2150 ascendens
1200 2122 1320 2150 Veneris
1336 2130 1395 2150 rum
1413 2115 1467 2148 fuit
1481 2121 1509 2158 in
1532 2127 1561 2158 ¹3
