<?xml version="1.0" encoding="UTF-8"?>
<!DOCTYPE html PUBLIC "-//W3C//DTD XHTML 1.0 Transitional//EN"
    "http://www.w3.org/TR/xhtml1/DTD/xhtml1-transitional.dtd">
<html xmlns="http://www.w3.org/1999/xhtml" xml:lang="en" lang="en">
 <head>
  <title>
</title>
<meta http-equiv="Content-Type" content="text/html;charset=utf-8" />
  <meta name='ocr-system' content='tesseract 3.04.00' />
  <meta name='ocr-capabilities' content='ocr_page ocr_carea ocr_par ocr_line ocrx_word'/>
</head>
<body>
  <div class='ocr_page' id='page_1' title='image "./regiscientiaru98duha_0131.png"; bbox 0 0 1638 2345; ppageno 0'>
   <div class='ocr_carea' id='block_1_1' title="bbox 87 100 1433 2160">
    <p class='ocr_par' dir='ltr' id='par_1_1' title="bbox 93 100 1433 363">
     <span class='ocr_line' id='line_1_1' title="bbox 298 100 1318 142; baseline 0.001 -6"><span class='ocrx_word' id='word_1_1' title='bbox 298 102 599 138; x_wconf 73' lang='lat' dir='ltr'>ACADEMIAE</span> <span class='ocrx_word' id='word_1_2' title='bbox 638 100 937 137; x_wconf 83' lang='lat' dir='ltr'>HISTORIA.</span> <span class='ocrx_word' id='word_1_3' title='bbox 970 103 1058 136; x_wconf 70' lang='lat' dir='ltr'>tin.</span> <span class='ocrx_word' id='word_1_4' title='bbox 1090 106 1116 135; x_wconf 82' lang='lat'>1.</span> <span class='ocrx_word' id='word_1_5' title='bbox 1264 105 1318 142; x_wconf 66' lang='lat'>109</span> 
     </span>
     <span class='ocr_line' id='line_1_2' title="bbox 96 141 1433 193; baseline 0.001 -15"><span class='ocrx_word' id='word_1_6' title='bbox 96 145 156 190; x_wconf 78' lang='lat' dir='ltr'>ipsa</span> <span class='ocrx_word' id='word_1_7' title='bbox 173 157 251 179; x_wconf 71' lang='lat' dir='ltr'>terrxe</span> <span class='ocrx_word' id='word_1_8' title='bbox 271 148 360 191; x_wconf 87' lang='lat' dir='ltr'>specie</span> <span class='ocrx_word' id='word_1_9' title='bbox 377 172 386 185; x_wconf 95' lang='lat'>‚</span> <span class='ocrx_word' id='word_1_10' title='bbox 408 162 469 193; x_wconf 82' lang='lat' dir='ltr'>quae</span> <span class='ocrx_word' id='word_1_11' title='bbox 488 153 517 180; x_wconf 89' lang='lat' dir='ltr'>in</span> <span class='ocrx_word' id='word_1_12' title='bbox 540 148 609 179; x_wconf 88' lang='lat' dir='ltr'>orbe</span> <span class='ocrx_word' id='word_1_13' title='bbox 633 151 719 179; x_wconf 78' lang='lat' dir='ltr'>Luna:</span> <span class='ocrx_word' id='word_1_14' title='bbox 736 151 925 191; x_wconf 83' lang='lat' dir='ltr'>exprimitur,</span> <span class='ocrx_word' id='word_1_15' title='bbox 948 146 1052 178; x_wconf 85' lang='lat' dir='ltr'>lineam</span> <span class='ocrx_word' id='word_1_16' title='bbox 1072 159 1133 191; x_wconf 85' lang='lat' dir='ltr'>quae</span> <span class='ocrx_word' id='word_1_17' title='bbox 1155 144 1211 177; x_wconf 88' lang='lat' dir='ltr'>loci</span> <span class='ocrx_word' id='word_1_18' title='bbox 1229 149 1317 191; x_wconf 78' lang='lat' dir='ltr'>paral-</span> <span class='ocrx_word' id='word_1_19' title='bbox 1336 141 1433 184; x_wconf 65' lang='lat' dir='ltr'>Obser‘</span> 
     </span>
     <span class='ocr_line' id='line_1_3' title="bbox 98 189 1395 235; baseline 0.002 -15"><span class='ocrx_word' id='word_1_20' title='bbox 98 189 185 221; x_wconf 88' lang='lat' dir='ltr'>lelum</span> <span class='ocrx_word' id='word_1_21' title='bbox 198 191 373 235; x_wconf 77' lang='lat' dir='ltr'>repraesentat</span> <span class='ocrx_word' id='word_1_22' title='bbox 387 204 504 224; x_wconf 86' lang='lat' dir='ltr'>:verum</span> <span class='ocrx_word' id='word_1_23' title='bbox 522 190 687 234; x_wconf 67' lang='lat' dir='ltr'>praeclarum</span> <span class='ocrx_word' id='word_1_24' title='bbox 707 192 761 221; x_wconf 83' lang='lat' dir='ltr'>hoc</span> <span class='ocrx_word' id='word_1_25' title='bbox 780 194 928 222; x_wconf 81' lang='lat' dir='ltr'>inventum</span> <span class='ocrx_word' id='word_1_26' title='bbox 951 189 1064 232; x_wconf 86' lang='lat' dir='ltr'>longius</span> <span class='ocrx_word' id='word_1_27' title='bbox 1086 202 1137 220; x_wconf 92' lang='lat' dir='ltr'>nos</span> <span class='ocrx_word' id='word_1_28' title='bbox 1150 189 1318 226; x_wconf 83' lang='lat' dir='ltr'>abduceret,</span> <span class='ocrx_word' id='word_1_29' title='bbox 1334 196 1395 218; x_wconf 78' lang='lat' dir='ltr'>vat.</span> 
     </span>
     <span class='ocr_line' id='line_1_4' title="bbox 96 231 1424 276; baseline 0.002 -13"><span class='ocrx_word' id='word_1_30' title='bbox 96 244 129 263; x_wconf 76' lang='lat' dir='ltr'>ac</span> <span class='ocrx_word' id='word_1_31' title='bbox 150 234 299 265; x_wconf 80' lang='lat' dir='ltr'>methodus</span> <span class='ocrx_word' id='word_1_32' title='bbox 319 234 367 265; x_wconf 83' lang='lat' dir='ltr'>illa</span> <span class='ocrx_word' id='word_1_33' title='bbox 387 237 435 266; x_wconf 75' lang='lat' dir='ltr'>usu</span> <span class='ocrx_word' id='word_1_34' title='bbox 454 234 563 265; x_wconf 71' lang='lat' dir='ltr'>facilius</span> <span class='ocrx_word' id='word_1_35' title='bbox 576 257 586 269; x_wconf 86' lang='lat'><em>,</em></span> <span class='ocrx_word' id='word_1_36' title='bbox 603 245 689 276; x_wconf 76' lang='lat' dir='ltr'>quam</span> <span class='ocrx_word' id='word_1_37' title='bbox 710 237 856 276; x_wconf 65' lang='lat' dir='ltr'>praeceptis</span> <span class='ocrx_word' id='word_1_38' title='bbox 873 233 999 264; x_wconf 79' lang='lat' dir='ltr'>discitur.</span> <span class='ocrx_word' id='word_1_39' title='bbox 1035 235 1073 263; x_wconf 85' lang='lat' dir='ltr'>Ea</span> <span class='ocrx_word' id='word_1_40' title='bbox 1088 242 1205 263; x_wconf 85' lang='lat' dir='ltr'>utuntur</span> <span class='ocrx_word' id='word_1_41' title='bbox 1224 233 1319 264; x_wconf 75' lang='lat' dir='ltr'>Patres</span> <span class='ocrx_word' id='word_1_42' title='bbox 1333 231 1424 266; x_wconf 60' lang='lat' dir='ltr'>Amss‘,</span> 
     </span>
     <span class='ocr_line' id='line_1_5' title="bbox 95 272 1379 320; baseline 0.002 -15"><span class='ocrx_word' id='word_1_43' title='bbox 95 275 236 307; x_wconf 71' lang='lat' dir='ltr'>societatis</span> <span class='ocrx_word' id='word_1_44' title='bbox 256 279 285 307; x_wconf 86' lang='lat' dir='ltr'>in</span> <span class='ocrx_word' id='word_1_45' title='bbox 307 277 418 308; x_wconf 80' lang='lat' dir='ltr'>Sinensi</span> <span class='ocrx_word' id='word_1_46' title='bbox 445 289 532 320; x_wconf 84' lang='lat' dir='ltr'>regno</span> <span class='ocrx_word' id='word_1_47' title='bbox 547 299 555 311; x_wconf 90' lang='lat'><em>,</em></span> <span class='ocrx_word' id='word_1_48' title='bbox 583 288 667 320; x_wconf 74' lang='lat' dir='ltr'>quam</span> <span class='ocrx_word' id='word_1_49' title='bbox 693 288 757 308; x_wconf 77' lang='lat' dir='ltr'>ante</span> <span class='ocrx_word' id='word_1_50' title='bbox 779 275 927 307; x_wconf 79' lang='lat' dir='ltr'>dilcessum</span> <span class='ocrx_word' id='word_1_51' title='bbox 948 276 962 305; x_wconf 78' lang='grc' dir='ltr'>ἐ</span> <span class='ocrx_word' id='word_1_52' title='bbox 990 275 1084 306; x_wconf 78' lang='lat' dir='ltr'>Gallia</span> <span class='ocrx_word' id='word_1_53' title='bbox 1106 274 1121 304; x_wconf 74' lang='grc' dir='ltr'>ὲ</span> <span class='ocrx_word' id='word_1_54' title='bbox 1142 276 1185 307; x_wconf 87' lang='lat' dir='ltr'>D.</span> <span class='ocrx_word' id='word_1_55' title='bbox 1201 274 1319 307; x_wconf 74' lang='lat' dir='ltr'>Cassino</span> <span class='ocrx_word' id='word_1_56' title='bbox 1332 272 1379 300; x_wconf 66' lang='lat' dir='ltr'>ric·</span> 
     </span>
     <span class='ocr_line' id='line_1_6' title="bbox 93 319 671 363; baseline 0 -15"><span class='ocrx_word' id='word_1_57' title='bbox 93 329 258 361; x_wconf 80' lang='lat' dir='ltr'>acceperant</span> <span class='ocrx_word' id='word_1_58' title='bbox 280 343 289 355; x_wconf 89' lang='lat'>‚</span> <span class='ocrx_word' id='word_1_59' title='bbox 312 323 478 363; x_wconf 80' lang='lat' dir='ltr'>Imperatori</span> <span class='ocrx_word' id='word_1_60' title='bbox 488 319 671 351; x_wconf 70' lang='lat' dir='ltr'>tradiderunt.</span> 
     </span>
    </p>

    <p class='ocr_par' dir='ltr' id='par_1_2' title="bbox 87 361 1324 910">
     <span class='ocr_line' id='line_1_7' title="bbox 138 361 1323 407; baseline 0.002 -16"><span class='ocrx_word' id='word_1_61' title='bbox 138 372 164 392; x_wconf 78' lang='lat' dir='ltr'>z.</span> <span class='ocrx_word' id='word_1_62' title='bbox 199 362 296 393; x_wconf 65' lang='lat' dir='ltr'>solun</span> <span class='ocrx_word' id='word_1_63' title='bbox 316 365 344 392; x_wconf 89' lang='lat' dir='ltr'>in</span> <span class='ocrx_word' id='word_1_64' title='bbox 368 375 488 407; x_wconf 83' lang='lat' dir='ltr'>utroque</span> <span class='ocrx_word' id='word_1_65' title='bbox 512 364 696 405; x_wconf 66' lang='lat' dir='ltr'>AEquinoc&#39;tio</span> <span class='ocrx_word' id='word_1_66' title='bbox 712 384 720 397; x_wconf 92' lang='lat'>‚</span> <span class='ocrx_word' id='word_1_67' title='bbox 750 361 907 393; x_wconf 82' lang='lat' dir='ltr'>autumnali</span> <span class='ocrx_word' id='word_1_68' title='bbox 926 365 1061 393; x_wconf 83' lang='lat' dir='ltr'>nimirum</span> <span class='ocrx_word' id='word_1_69' title='bbox 1076 364 1142 392; x_wconf 80' lang='lat' dir='ltr'>anni</span> <span class='ocrx_word' id='word_1_70' title='bbox 1165 367 1238 399; x_wconf 81' lang='lat'>1672</span> <span class='ocrx_word' id='word_1_71' title='bbox 1253 384 1262 396; x_wconf 84' lang='lat'><em>‚</em></span> <span class='ocrx_word' id='word_1_72' title='bbox 1291 365 1323 393; x_wconf 73' lang='grc' dir='ltr'>δε</span> 
     </span>
     <span class='ocr_line' id='line_1_8' title="bbox 93 404 1324 448; baseline -0.002 -12"><span class='ocrx_word' id='word_1_73' title='bbox 93 415 184 436; x_wconf 89' lang='lat' dir='ltr'>verno</span> <span class='ocrx_word' id='word_1_74' title='bbox 199 408 265 436; x_wconf 85' lang='lat' dir='ltr'>anni</span> <span class='ocrx_word' id='word_1_75' title='bbox 285 410 355 445; x_wconf 76' lang='lat'>1673</span> <span class='ocrx_word' id='word_1_76' title='bbox 376 405 547 436; x_wconf 79' lang='lat' dir='ltr'>observavit.</span> <span class='ocrx_word' id='word_1_77' title='bbox 575 407 654 435; x_wconf 83' lang='lat' dir='ltr'>Hinc</span> <span class='ocrx_word' id='word_1_78' title='bbox 672 408 808 447; x_wconf 87' lang='lat' dir='ltr'>temporis</span> <span class='ocrx_word' id='word_1_79' title='bbox 829 416 1009 436; x_wconf 82' lang='lat' dir='ltr'>momentum</span> <span class='ocrx_word' id='word_1_80' title='bbox 1031 417 1090 448; x_wconf 91' lang='lat' dir='ltr'>quo</span> <span class='ocrx_word' id='word_1_81' title='bbox 1105 416 1232 435; x_wconf 79' lang='lat' dir='ltr'>centrum</span> <span class='ocrx_word' id='word_1_82' title='bbox 1248 404 1324 436; x_wconf 83' lang='lat' dir='ltr'>Solis</span> 
     </span>
     <span class='ocr_line' id='line_1_9' title="bbox 94 446 1324 490; baseline 0 -13"><span class='ocrx_word' id='word_1_83' title='bbox 94 448 242 489; x_wconf 81' lang='lat' dir='ltr'>AEquatori</span> <span class='ocrx_word' id='word_1_84' title='bbox 267 448 398 483; x_wconf 80' lang='lat' dir='ltr'>suberat,</span> <span class='ocrx_word' id='word_1_85' title='bbox 421 453 451 479; x_wconf 89' lang='lat'><strong>&amp;</strong></span> <span class='ocrx_word' id='word_1_86' title='bbox 474 460 614 490; x_wconf 76' lang='lat' dir='ltr'>quantum</span> <span class='ocrx_word' id='word_1_87' title='bbox 635 450 769 489; x_wconf 83' lang='lat' dir='ltr'>temporis</span> <span class='ocrx_word' id='word_1_88' title='bbox 792 450 820 478; x_wconf 89' lang='lat' dir='ltr'>in</span> <span class='ocrx_word' id='word_1_89' title='bbox 842 446 924 490; x_wconf 78' lang='lat' dir='ltr'>signis</span> <span class='ocrx_word' id='word_1_90' title='bbox 953 447 1129 478; x_wconf 78' lang='lat' dir='ltr'>Austrahbus</span> <span class='ocrx_word' id='word_1_91' title='bbox 1158 448 1209 478; x_wconf 87' lang='lat' dir='ltr'>Sol</span> <span class='ocrx_word' id='word_1_92' title='bbox 1241 459 1324 477; x_wconf 88' lang='lat' dir='ltr'>com-</span> 
     </span>
     <span class='ocr_line' id='line_1_10' title="bbox 93 490 1323 533; baseline -0.001 -14"><span class='ocrx_word' id='word_1_93' title='bbox 93 500 241 529; x_wconf 77' lang='lat' dir='ltr'>moratur,</span> <span class='ocrx_word' id='word_1_94' title='bbox 262 490 297 521; x_wconf 89' lang='lat' dir='ltr'>ab</span> <span class='ocrx_word' id='word_1_95' title='bbox 316 503 350 521; x_wconf 87' lang='lat' dir='ltr'>eo</span> <span class='ocrx_word' id='word_1_96' title='bbox 362 490 527 522; x_wconf 85' lang='lat' dir='ltr'>conclusum</span> <span class='ocrx_word' id='word_1_97' title='bbox 550 490 603 522; x_wconf 87' lang='lat' dir='ltr'>fuit</span> <span class='ocrx_word' id='word_1_98' title='bbox 627 513 637 526; x_wconf 93' lang='lat'>‚</span> <span class='ocrx_word' id='word_1_99' title='bbox 655 490 740 533; x_wconf 88' lang='lat' dir='ltr'>idque</span> <span class='ocrx_word' id='word_1_100' title='bbox 765 491 902 521; x_wconf 80' lang='lat' dir='ltr'>existimat</span> <span class='ocrx_word' id='word_1_101' title='bbox 926 494 954 520; x_wconf 93' lang='lat' dir='ltr'>in</span> <span class='ocrx_word' id='word_1_102' title='bbox 977 494 1087 533; x_wconf 78' lang='lat' dir='ltr'>Europa</span> <span class='ocrx_word' id='word_1_103' title='bbox 1102 501 1159 521; x_wconf 77' lang='lat' dir='ltr'>tam</span> <span class='ocrx_word' id='word_1_104' title='bbox 1173 501 1250 520; x_wconf 86' lang='lat' dir='ltr'>certo</span> <span class='ocrx_word' id='word_1_105' title='bbox 1271 491 1323 521; x_wconf 76' lang='lat' dir='ltr'>ha-</span> 
     </span>
     <span class='ocr_line' id='line_1_11' title="bbox 87 531 1322 577; baseline 0 -14"><span class='ocrx_word' id='word_1_106' title='bbox 87 531 156 563; x_wconf 81' lang='lat' dir='ltr'>‘beri</span> <span class='ocrx_word' id='word_1_107' title='bbox 177 535 226 563; x_wconf 87' lang='lat' dir='ltr'>vix</span> <span class='ocrx_word' id='word_1_108' title='bbox 246 533 343 575; x_wconf 72' lang='lat' dir='ltr'>posse,</span> <span class='ocrx_word' id='word_1_109' title='bbox 368 533 407 565; x_wconf 91' lang='lat' dir='ltr'>ob</span> <span class='ocrx_word' id='word_1_110' title='bbox 420 534 511 566; x_wconf 87' lang='lat' dir='ltr'>multo</span> <span class='ocrx_word' id='word_1_111' title='bbox 533 538 654 577; x_wconf 82' lang='lat' dir='ltr'>majores</span> <span class='ocrx_word' id='word_1_112' title='bbox 670 532 862 564; x_wconf 67' lang='lat' dir='ltr'>refractiones.</span> <span class='ocrx_word' id='word_1_113' title='bbox 886 536 918 564; x_wconf 83' lang='lat' dir='ltr'>ln</span> <span class='ocrx_word' id='word_1_114' title='bbox 936 533 1083 564; x_wconf 85' lang='lat' dir='ltr'>elementis</span> <span class='ocrx_word' id='word_1_115' title='bbox 1102 534 1322 569; x_wconf 87' lang='lat' dir='ltr'>Astronomicis,</span> 
     </span>
     <span class='ocr_line' id='line_1_12' title="bbox 93 575 1321 618; baseline 0.001 -13"><span class='ocrx_word' id='word_1_116' title='bbox 93 577 311 618; x_wconf 68' lang='lat' dir='ltr'>AEquinostium</span> <span class='ocrx_word' id='word_1_117' title='bbox 332 576 492 608; x_wconf 82' lang='lat' dir='ltr'>autumnale</span> <span class='ocrx_word' id='word_1_118' title='bbox 514 589 589 608; x_wconf 82' lang='lat' dir='ltr'>anno</span> <span class='ocrx_word' id='word_1_119' title='bbox 615 584 685 615; x_wconf 84' lang='lat'><em>1672</em></span> <span class='ocrx_word' id='word_1_120' title='bbox 710 577 755 606; x_wconf 85' lang='lat' dir='ltr'>die</span> <span class='ocrx_word' id='word_1_121' title='bbox 775 587 808 605; x_wconf 86' lang='lat' dir='ltr'>zz</span> <span class='ocrx_word' id='word_1_122' title='bbox 829 575 1005 618; x_wconf 81' lang='lat' dir='ltr'>Septembris</span> <span class='ocrx_word' id='word_1_123' title='bbox 1026 577 1097 608; x_wconf 82' lang='lat' dir='ltr'>hora</span> <span class='ocrx_word' id='word_1_124' title='bbox 1118 588 1138 611; x_wconf 87' lang='lat'>4</span> <span class='ocrx_word' id='word_1_125' title='bbox 1162 579 1321 612; x_wconf 82' lang='lat' dir='ltr'>matutina,</span> 
     </span>
     <span class='ocr_line' id='line_1_13' title="bbox 96 619 1322 661; baseline 0.002 -13"><span class='ocrx_word' id='word_1_126' title='bbox 96 623 209 649; x_wconf 82' lang='lat' dir='ltr'>16min.</span> <span class='ocrx_word' id='word_1_127' title='bbox 227 619 351 650; x_wconf 83' lang='lat' dir='ltr'>Vernale</span> <span class='ocrx_word' id='word_1_128' title='bbox 362 622 429 651; x_wconf 77' lang='lat' dir='ltr'>anni</span> <span class='ocrx_word' id='word_1_129' title='bbox 448 626 515 660; x_wconf 85' lang='lat'>1673</span> <span class='ocrx_word' id='word_1_130' title='bbox 529 620 573 651; x_wconf 89' lang='lat' dir='ltr'>die</span> <span class='ocrx_word' id='word_1_131' title='bbox 585 632 613 659; x_wconf 81' lang='lat'>¹9</span> <span class='ocrx_word' id='word_1_132' title='bbox 632 621 730 649; x_wconf 84' lang='lat' dir='ltr'>Martii</span> <span class='ocrx_word' id='word_1_133' title='bbox 745 620 811 649; x_wconf 82' lang='lat' dir='ltr'>hora</span> <span class='ocrx_word' id='word_1_134' title='bbox 825 630 840 655; x_wconf 88' lang='lat'>9</span> <span class='ocrx_word' id='word_1_135' title='bbox 855 642 863 653; x_wconf 91' lang='lat'>,</span> <span class='ocrx_word' id='word_1_136' title='bbox 885 623 913 659; x_wconf 78' lang='lat'>38</span> <span class='ocrx_word' id='word_1_137' title='bbox 928 631 968 650; x_wconf 84' lang='lat' dir='ltr'>m.</span> <span class='ocrx_word' id='word_1_138' title='bbox 981 620 1041 661; x_wconf 87' lang='lat' dir='ltr'>post</span> <span class='ocrx_word' id='word_1_139' title='bbox 1050 619 1200 650; x_wconf 74' lang='lat' dir='ltr'>meridiem</span> <span class='ocrx_word' id='word_1_140' title='bbox 1214 622 1322 650; x_wconf 84' lang='lat' dir='ltr'>ratione</span> 
     </span>
     <span class='ocr_line' id='line_1_14' title="bbox 92 660 1321 705; baseline 0.001 -14"><span class='ocrx_word' id='word_1_141' title='bbox 92 661 192 692; x_wconf 76' lang='lat' dir='ltr'>habita</span> <span class='ocrx_word' id='word_1_142' title='bbox 205 665 361 705; x_wconf 84' lang='lat' dir='ltr'>perexiguae</span> <span class='ocrx_word' id='word_1_143' title='bbox 370 662 547 693; x_wconf 72' lang='lat' dir='ltr'>refraCtionis</span> <span class='ocrx_word' id='word_1_144' title='bbox 560 666 589 694; x_wconf 71' lang='grc' dir='ltr'>ὃ(</span> <span class='ocrx_word' id='word_1_145' title='bbox 613 660 761 705; x_wconf 83' lang='lat' dir='ltr'>parallaxis</span> <span class='ocrx_word' id='word_1_146' title='bbox 772 673 805 691; x_wconf 81' lang='lat' dir='ltr'>ex</span> <span class='ocrx_word' id='word_1_147' title='bbox 826 662 925 692; x_wconf 75' lang='lat' dir='ltr'>iisdem</span> <span class='ocrx_word' id='word_1_148' title='bbox 952 662 1062 703; x_wconf 81' lang='lat' dir='ltr'>colligit</span> <span class='ocrx_word' id='word_1_149' title='bbox 1077 661 1321 694; x_wconf 81' lang='lat' dir='ltr'>observationibus</span> 
     </span>
     <span class='ocr_line' id='line_1_15' title="bbox 91 702 1321 749; baseline 0.002 -16"><span class='ocrx_word' id='word_1_150' title='bbox 91 703 134 734; x_wconf 93' lang='lat' dir='ltr'>D.</span> <span class='ocrx_word' id='word_1_151' title='bbox 149 704 302 736; x_wconf 82' lang='lat' dir='ltr'>Caffinus:</span> <span class='ocrx_word' id='word_1_152' title='bbox 326 705 397 736; x_wconf 82' lang='lat' dir='ltr'>adeo</span> <span class='ocrx_word' id='word_1_153' title='bbox 412 717 441 736; x_wconf 90' lang='lat' dir='ltr'>ut</span> <span class='ocrx_word' id='word_1_154' title='bbox 455 709 511 747; x_wconf 82' lang='lat' dir='ltr'>jam</span> <span class='ocrx_word' id='word_1_155' title='bbox 522 705 700 749; x_wconf 80' lang='lat' dir='ltr'>exploratum</span> <span class='ocrx_word' id='word_1_156' title='bbox 712 702 742 734; x_wconf 79' lang='lat' dir='ltr'>fi:</span> <span class='ocrx_word' id='word_1_157' title='bbox 761 715 865 744; x_wconf 73' lang='lat' dir='ltr'>quanto</span> <span class='ocrx_word' id='word_1_158' title='bbox 882 708 1018 747; x_wconf 84' lang='lat' dir='ltr'>temporis</span> <span class='ocrx_word' id='word_1_159' title='bbox 1032 706 1119 746; x_wconf 83' lang='lat' dir='ltr'>spatio</span> <span class='ocrx_word' id='word_1_160' title='bbox 1146 704 1197 734; x_wconf 82' lang='lat' dir='ltr'>Sol</span> <span class='ocrx_word' id='word_1_161' title='bbox 1214 705 1321 735; x_wconf 81' lang='lat' dir='ltr'>diutius</span> 
     </span>
     <span class='ocr_line' id='line_1_16' title="bbox 91 745 1321 791; baseline -0.001 -15"><span class='ocrx_word' id='word_1_162' title='bbox 91 747 121 776; x_wconf 81' lang='lat' dir='ltr'>in</span> <span class='ocrx_word' id='word_1_163' title='bbox 145 745 229 789; x_wconf 84' lang='lat' dir='ltr'>fignis</span> <span class='ocrx_word' id='word_1_164' title='bbox 246 748 409 780; x_wconf 79' lang='lat' dir='ltr'>Borealibus</span> <span class='ocrx_word' id='word_1_165' title='bbox 427 748 549 780; x_wconf 67' lang='lat' dir='ltr'>versetur</span> <span class='ocrx_word' id='word_1_166' title='bbox 565 759 650 791; x_wconf 81' lang='lat' dir='ltr'>quam</span> <span class='ocrx_word' id='word_1_167' title='bbox 669 759 698 777; x_wconf 86' lang='lat' dir='ltr'>m</span> <span class='ocrx_word' id='word_1_168' title='bbox 716 746 891 778; x_wconf 72' lang='lat' dir='ltr'>Australibus</span> <span class='ocrx_word' id='word_1_169' title='bbox 907 761 913 778; x_wconf 93' lang='lat'>:</span> <span class='ocrx_word' id='word_1_170' title='bbox 929 748 1014 791; x_wconf 86' lang='lat' dir='ltr'>idque</span> <span class='ocrx_word' id='word_1_171' title='bbox 1035 746 1137 777; x_wconf 79' lang='lat' dir='ltr'>tabulae</span> <span class='ocrx_word' id='word_1_172' title='bbox 1153 748 1321 788; x_wconf 81' lang='lat' dir='ltr'>Tychonia-</span> 
     </span>
     <span class='ocr_line' id='line_1_17' title="bbox 92 789 1321 835; baseline 0.001 -15"><span class='ocrx_word' id='word_1_173' title='bbox 92 801 135 820; x_wconf 84' lang='lat' dir='ltr'>nae</span> <span class='ocrx_word' id='word_1_174' title='bbox 157 801 181 821; x_wconf 80' lang='grc' dir='ltr'>ιι</span> <span class='ocrx_word' id='word_1_175' title='bbox 207 791 285 822; x_wconf 86' lang='lat' dir='ltr'>horis</span> <span class='ocrx_word' id='word_1_176' title='bbox 305 794 394 832; x_wconf 76' lang='lat' dir='ltr'>majus</span> <span class='ocrx_word' id='word_1_177' title='bbox 410 803 498 835; x_wconf 78' lang='lat' dir='ltr'>quam</span> <span class='ocrx_word' id='word_1_178' title='bbox 515 804 562 834; x_wconf 81' lang='lat' dir='ltr'>par</span> <span class='ocrx_word' id='word_1_179' title='bbox 583 791 615 822; x_wconf 81' lang='lat' dir='ltr'>fit</span> <span class='ocrx_word' id='word_1_180' title='bbox 637 789 790 821; x_wconf 80' lang='lat' dir='ltr'>definiunt.</span> <span class='ocrx_word' id='word_1_181' title='bbox 819 792 898 820; x_wconf 79' lang='lat' dir='ltr'>Hinc</span> <span class='ocrx_word' id='word_1_182' title='bbox 919 791 1014 822; x_wconf 61' lang='lat' dir='ltr'>mortis</span> <span class='ocrx_word' id='word_1_183' title='bbox 1033 790 1108 820; x_wconf 84' lang='lat' dir='ltr'>Solis</span> <span class='ocrx_word' id='word_1_184' title='bbox 1124 791 1238 832; x_wconf 76' lang='lat' dir='ltr'>Epocha</span> <span class='ocrx_word' id='word_1_185' title='bbox 1256 802 1321 821; x_wconf 85' lang='lat' dir='ltr'>cer·</span> 
     </span>
     <span class='ocr_line' id='line_1_18' title="bbox 91 832 1320 877; baseline 0.001 -15"><span class='ocrx_word' id='word_1_186' title='bbox 91 835 149 863; x_wconf 86' lang='lat' dir='ltr'>tior</span> <span class='ocrx_word' id='word_1_187' title='bbox 162 834 239 864; x_wconf 68' lang='lat' dir='ltr'>statui</span> <span class='ocrx_word' id='word_1_188' title='bbox 255 836 355 877; x_wconf 85' lang='lat' dir='ltr'>potest,</span> <span class='ocrx_word' id='word_1_189' title='bbox 369 846 432 865; x_wconf 86' lang='lat' dir='ltr'>cum</span> <span class='ocrx_word' id='word_1_190' title='bbox 457 835 531 874; x_wconf 85' lang='lat' dir='ltr'>Sol5</span> <span class='ocrx_word' id='word_1_191' title='bbox 553 845 661 865; x_wconf 73' lang='lat' dir='ltr'>tantum</span> <span class='ocrx_word' id='word_1_192' title='bbox 683 832 817 876; x_wconf 81' lang='lat' dir='ltr'>gradibus</span> <span class='ocrx_word' id='word_1_193' title='bbox 836 832 940 864; x_wconf 82' lang='lat' dir='ltr'>distans</span> <span class='ocrx_word' id='word_1_194' title='bbox 959 833 975 864; x_wconf 50' lang='lat' dir='ltr'>&amp;a</span> <span class='ocrx_word' id='word_1_195' title='bbox 992 835 1096 865; x_wconf 88' lang='lat' dir='ltr'>vertice</span> <span class='ocrx_word' id='word_1_196' title='bbox 1110 844 1253 876; x_wconf 67' lang='lat' dir='ltr'>perparvae</span> <span class='ocrx_word' id='word_1_197' title='bbox 1276 845 1320 863; x_wconf 86' lang='lat' dir='ltr'>rc-</span> 
     </span>
     <span class='ocr_line' id='line_1_19' title="bbox 92 873 594 910; baseline 0.004 -5"><span class='ocrx_word' id='word_1_198' title='bbox 92 873 225 907; x_wconf 64' lang='lat' dir='ltr'>fractioni</span> <span class='ocrx_word' id='word_1_199' title='bbox 250 889 308 908; x_wconf 85' lang='lat' dir='ltr'>tum</span> <span class='ocrx_word' id='word_1_200' title='bbox 335 876 420 908; x_wconf 81' lang='lat' dir='ltr'>fuerit</span> <span class='ocrx_word' id='word_1_201' title='bbox 442 878 594 910; x_wconf 83' lang='lat' dir='ltr'>obnoxius.</span> 
     </span>
    </p>

    <p class='ocr_par' dir='ltr' id='par_1_3' title="bbox 90 916 1319 1091">
     <span class='ocr_line' id='line_1_20' title="bbox 126 916 1319 963; baseline -0.001 -13"><span class='ocrx_word' id='word_1_202' title='bbox 126 931 151 958; x_wconf 79' lang='lat'>3.</span> <span class='ocrx_word' id='word_1_203' title='bbox 193 919 367 951; x_wconf 81' lang='lat' dir='ltr'>Altitudines</span> <span class='ocrx_word' id='word_1_204' title='bbox 387 919 462 951; x_wconf 79' lang='lat' dir='ltr'>Solis</span> <span class='ocrx_word' id='word_1_205' title='bbox 484 920 644 952; x_wconf 72' lang='lat' dir='ltr'>meridianae</span> <span class='ocrx_word' id='word_1_206' title='bbox 667 920 779 963; x_wconf 81' lang='lat' dir='ltr'>singulis</span> <span class='ocrx_word' id='word_1_207' title='bbox 799 919 898 951; x_wconf 65' lang='lat' dir='ltr'>diabus</span> <span class='ocrx_word' id='word_1_208' title='bbox 919 918 1099 951; x_wconf 62' lang='lat' dir='ltr'>observataeii</span> <span class='ocrx_word' id='word_1_209' title='bbox 1116 916 1211 949; x_wconf 88' lang='lat' dir='ltr'>mense</span> <span class='ocrx_word' id='word_1_210' title='bbox 1230 919 1319 961; x_wconf 74' lang='lat' dir='ltr'>junio</span> 
     </span>
     <span class='ocr_line' id='line_1_21' title="bbox 93 961 1319 1006; baseline 0.001 -15"><span class='ocrx_word' id='word_1_211' title='bbox 93 965 159 992; x_wconf 77' lang='lat' dir='ltr'>anni</span> <span class='ocrx_word' id='word_1_212' title='bbox 183 969 253 1001; x_wconf 80' lang='lat'>1672</span> <span class='ocrx_word' id='word_1_213' title='bbox 278 963 362 1006; x_wconf 79' lang='lat' dir='ltr'>usque</span> <span class='ocrx_word' id='word_1_214' title='bbox 385 963 419 994; x_wconf 83' lang='lat' dir='ltr'>ad</span> <span class='ocrx_word' id='word_1_215' title='bbox 445 965 557 993; x_wconf 58' lang='lat' dir='ltr'>Maium</span> <span class='ocrx_word' id='word_1_216' title='bbox 576 968 641 994; x_wconf 88' lang='lat' dir='ltr'>anni</span> <span class='ocrx_word' id='word_1_217' title='bbox 671 971 738 1002; x_wconf 80' lang='lat'>1673</span> <span class='ocrx_word' id='word_1_218' title='bbox 765 966 923 1006; x_wconf 79' lang='lat' dir='ltr'>perexiguis</span> <span class='ocrx_word' id='word_1_219' title='bbox 944 961 1163 994; x_wconf 66' lang='lat' dir='ltr'>rcfracfftionibus</span> <span class='ocrx_word' id='word_1_220' title='bbox 1187 961 1319 992; x_wconf 60' lang='lat' dir='ltr'>obnoxiat</span> 
     </span>
     <span class='ocr_line' id='line_1_22' title="bbox 91 1005 1317 1041; baseline 0.001 -7"><span class='ocrx_word' id='word_1_221' title='bbox 91 1008 184 1035; x_wconf 81' lang='lat' dir='ltr'>motui</span> <span class='ocrx_word' id='word_1_222' title='bbox 206 1006 281 1037; x_wconf 84' lang='lat' dir='ltr'>Solis</span> <span class='ocrx_word' id='word_1_223' title='bbox 301 1007 497 1037; x_wconf 80' lang='lat' dir='ltr'>constituendo</span> <span class='ocrx_word' id='word_1_224' title='bbox 512 1029 521 1041; x_wconf 92' lang='lat'><em>,</em></span> <span class='ocrx_word' id='word_1_225' title='bbox 543 1011 572 1037; x_wconf 86' lang='lat'>&amp;</span> <span class='ocrx_word' id='word_1_226' title='bbox 596 1006 700 1037; x_wconf 64' lang='lat' dir='ltr'>tabulis</span> <span class='ocrx_word' id='word_1_227' title='bbox 722 1007 927 1038; x_wconf 78' lang='lat' dir='ltr'>Astronomicis</span> <span class='ocrx_word' id='word_1_228' title='bbox 952 1005 1138 1037; x_wconf 74' lang='lat' dir='ltr'>conficiendis</span> <span class='ocrx_word' id='word_1_229' title='bbox 1162 1007 1317 1040; x_wconf 77' lang='lat' dir='ltr'>certiores,</span> 
     </span>
     <span class='ocr_line' id='line_1_23' title="bbox 90 1047 1099 1091; baseline 0.001 -14"><span class='ocrx_word' id='word_1_230' title='bbox 90 1058 179 1090; x_wconf 85' lang='lat' dir='ltr'>quam</span> <span class='ocrx_word' id='word_1_231' title='bbox 198 1060 258 1091; x_wconf 82' lang='lat' dir='ltr'>quae</span> <span class='ocrx_word' id='word_1_232' title='bbox 278 1050 412 1079; x_wconf 63' lang='lat' dir='ltr'>hactenus</span> <span class='ocrx_word' id='word_1_233' title='bbox 433 1050 624 1091; x_wconf 84' lang='lat' dir='ltr'>prodierunt,</span> <span class='ocrx_word' id='word_1_234' title='bbox 647 1049 755 1090; x_wconf 75' lang='lat' dir='ltr'>regulas</span> <span class='ocrx_word' id='word_1_235' title='bbox 777 1048 953 1091; x_wconf 81' lang='lat' dir='ltr'>suppeditare</span> <span class='ocrx_word' id='word_1_236' title='bbox 977 1047 1099 1091; x_wconf 76' lang='lat' dir='ltr'>possunt.</span> 
     </span>
    </p>

    <p class='ocr_par' dir='ltr' id='par_1_4' title="bbox 89 1088 1318 1349">
     <span class='ocr_line' id='line_1_24' title="bbox 141 1088 1318 1132; baseline 0 -11"><span class='ocrx_word' id='word_1_237' title='bbox 141 1103 171 1129; x_wconf 83' lang='lat'>4.</span> <span class='ocrx_word' id='word_1_238' title='bbox 209 1094 282 1132; x_wconf 80' lang='lat' dir='ltr'>Qae</span> <span class='ocrx_word' id='word_1_239' title='bbox 299 1095 372 1122; x_wconf 76' lang='lat' dir='ltr'>circa</span> <span class='ocrx_word' id='word_1_240' title='bbox 392 1093 518 1123; x_wconf 81' lang='lat' dir='ltr'>Martem</span> <span class='ocrx_word' id='word_1_241' title='bbox 539 1091 619 1122; x_wconf 60' lang='lat' dir='ltr'>faetae</span> <span class='ocrx_word' id='word_1_242' title='bbox 636 1091 703 1122; x_wconf 65' lang='lat' dir='ltr'>‘sunt</span> <span class='ocrx_word' id='word_1_243' title='bbox 719 1091 933 1122; x_wconf 80' lang='lat' dir='ltr'>observationes</span> <span class='ocrx_word' id='word_1_244' title='bbox 949 1102 1014 1121; x_wconf 87' lang='lat' dir='ltr'>cum</span> <span class='ocrx_word' id='word_1_245' title='bbox 1035 1094 1068 1122; x_wconf 86' lang='lat' dir='ltr'>iis</span> <span class='ocrx_word' id='word_1_246' title='bbox 1088 1088 1198 1120; x_wconf 79' lang='lat' dir='ltr'>collatae</span> <span class='ocrx_word' id='word_1_247' title='bbox 1213 1101 1274 1132; x_wconf 83' lang='lat' dir='ltr'>quae</span> <span class='ocrx_word' id='word_1_248' title='bbox 1288 1094 1318 1121; x_wconf 84' lang='lat' dir='ltr'>in</span> 
     </span>
     <span class='ocr_line' id='line_1_25' title="bbox 93 1132 1318 1177; baseline 0.002 -14"><span class='ocrx_word' id='word_1_249' title='bbox 93 1132 190 1175; x_wconf 79' lang='lat' dir='ltr'>Regio</span> <span class='ocrx_word' id='word_1_250' title='bbox 214 1134 422 1166; x_wconf 87' lang='lat' dir='ltr'>Observatorio</span> <span class='ocrx_word' id='word_1_251' title='bbox 451 1146 486 1164; x_wconf 86' lang='lat' dir='ltr'>ex</span> <span class='ocrx_word' id='word_1_252' title='bbox 515 1135 650 1165; x_wconf 65' lang='lat' dir='ltr'>condiCto</span> <span class='ocrx_word' id='word_1_253' title='bbox 673 1134 735 1165; x_wconf 86' lang='lat' dir='ltr'>sunt</span> <span class='ocrx_word' id='word_1_254' title='bbox 758 1135 877 1176; x_wconf 67' lang='lat' dir='ltr'>peradlae</span> <span class='ocrx_word' id='word_1_255' title='bbox 892 1157 900 1169; x_wconf 89' lang='lat'>‚</span> <span class='ocrx_word' id='word_1_256' title='bbox 923 1134 1038 1177; x_wconf 84' lang='lat' dir='ltr'>quando</span> <span class='ocrx_word' id='word_1_257' title='bbox 1067 1135 1148 1164; x_wconf 78' lang='lat' dir='ltr'>Mars</span> <span class='ocrx_word' id='word_1_258' title='bbox 1169 1144 1247 1163; x_wconf 78' lang='lat' dir='ltr'>tertae</span> <span class='ocrx_word' id='word_1_259' title='bbox 1264 1134 1318 1165; x_wconf 84' lang='lat' dir='ltr'>fuit</span> 
     </span>
     <span class='ocr_line' id='line_1_26' title="bbox 90 1175 1317 1220; baseline 0.002 -15"><span class='ocrx_word' id='word_1_260' title='bbox 90 1185 239 1218; x_wconf 70' lang='lat' dir='ltr'>proximus</span> <span class='ocrx_word' id='word_1_261' title='bbox 264 1200 273 1212; x_wconf 95' lang='lat'><em>,</em></span> <span class='ocrx_word' id='word_1_262' title='bbox 301 1177 373 1208; x_wconf 85' lang='lat' dir='ltr'>illud</span> <span class='ocrx_word' id='word_1_263' title='bbox 397 1176 569 1208; x_wconf 84' lang='lat' dir='ltr'>confirmant</span> <span class='ocrx_word' id='word_1_264' title='bbox 601 1180 782 1219; x_wconf 79' lang='lat' dir='ltr'>perexiguam</span> <span class='ocrx_word' id='word_1_265' title='bbox 811 1175 865 1206; x_wconf 81' lang='lat' dir='ltr'>effe</span> <span class='ocrx_word' id='word_1_266' title='bbox 888 1178 971 1218; x_wconf 67' lang='lat' dir='ltr'>hujus</span> <span class='ocrx_word' id='word_1_267' title='bbox 999 1176 1116 1220; x_wconf 81' lang='lat' dir='ltr'>planetae</span> <span class='ocrx_word' id='word_1_268' title='bbox 1151 1175 1317 1218; x_wconf 81' lang='lat' dir='ltr'>parallaxim</span> 
     </span>
     <span class='ocr_line' id='line_1_27' title="bbox 92 1216 1317 1263; baseline 0.002 -16"><span class='ocrx_word' id='word_1_269' title='bbox 92 1217 252 1250; x_wconf 75' lang='lat' dir='ltr'>sensibilem</span> <span class='ocrx_word' id='word_1_270' title='bbox 273 1242 283 1255; x_wconf 89' lang='lat'><em>‚</em></span> <span class='ocrx_word' id='word_1_271' title='bbox 314 1219 362 1250; x_wconf 81' lang='lat' dir='ltr'>etsi</span> <span class='ocrx_word' id='word_1_272' title='bbox 387 1231 449 1250; x_wconf 85' lang='lat' dir='ltr'>tum</span> <span class='ocrx_word' id='word_1_273' title='bbox 479 1223 615 1263; x_wconf 86' lang='lat' dir='ltr'>temporis</span> <span class='ocrx_word' id='word_1_274' title='bbox 640 1220 726 1262; x_wconf 73' lang='lat' dir='ltr'>longe</span> <span class='ocrx_word' id='word_1_275' title='bbox 752 1216 807 1250; x_wconf 80' lang='lat' dir='ltr'>effe</span> <span class='ocrx_word' id='word_1_276' title='bbox 827 1230 905 1250; x_wconf 73' lang='lat' dir='ltr'>terrze</span> <span class='ocrx_word' id='word_1_277' title='bbox 928 1222 1049 1250; x_wconf 85' lang='lat' dir='ltr'>vicinior</span> <span class='ocrx_word' id='word_1_278' title='bbox 1072 1218 1149 1251; x_wconf 86' lang='lat' dir='ltr'>Sole.</span> <span class='ocrx_word' id='word_1_279' title='bbox 1174 1220 1208 1249; x_wconf 88' lang='lat' dir='ltr'>Et</span> <span class='ocrx_word' id='word_1_280' title='bbox 1222 1229 1317 1249; x_wconf 79' lang='lat' dir='ltr'>tamen</span> 
     </span>
     <span class='ocr_line' id='line_1_28' title="bbox 89 1262 1318 1306; baseline 0 -15"><span class='ocrx_word' id='word_1_281' title='bbox 89 1264 168 1303; x_wconf 81' lang='lat' dir='ltr'>juxta</span> <span class='ocrx_word' id='word_1_282' title='bbox 187 1262 356 1306; x_wconf 84' lang='lat' dir='ltr'>hyporheses</span> <span class='ocrx_word' id='word_1_283' title='bbox 374 1263 564 1306; x_wconf 87' lang='lat' dir='ltr'>complurium</span> <span class='ocrx_word' id='word_1_284' title='bbox 587 1264 828 1294; x_wconf 78' lang='lat' dir='ltr'>Astronomorum</span> <span class='ocrx_word' id='word_1_285' title='bbox 857 1262 1024 1306; x_wconf 82' lang='lat' dir='ltr'>parallaxim</span> <span class='ocrx_word' id='word_1_286' title='bbox 1038 1263 1141 1293; x_wconf 83' lang='lat' dir='ltr'>Martis</span> <span class='ocrx_word' id='word_1_287' title='bbox 1152 1273 1210 1292; x_wconf 91' lang='lat' dir='ltr'>non</span> <span class='ocrx_word' id='word_1_288' title='bbox 1219 1264 1318 1292; x_wconf 90' lang='lat' dir='ltr'>mino-</span> 
     </span>
     <span class='ocr_line' id='line_1_29' title="bbox 91 1306 698 1349; baseline 0.003 -15"><span class='ocrx_word' id='word_1_289' title='bbox 91 1315 154 1335; x_wconf 81' lang='lat' dir='ltr'>rem</span> <span class='ocrx_word' id='word_1_290' title='bbox 178 1317 196 1344; x_wconf 93' lang='lat'>7</span> <span class='ocrx_word' id='word_1_291' title='bbox 218 1317 262 1337; x_wconf 79' lang='lat' dir='ltr'>aut</span> <span class='ocrx_word' id='word_1_292' title='bbox 287 1310 301 1337; x_wconf 80' lang='lat'>8</span> <span class='ocrx_word' id='word_1_293' title='bbox 325 1310 441 1337; x_wconf 83' lang='lat' dir='ltr'>minutis</span> <span class='ocrx_word' id='word_1_294' title='bbox 464 1306 518 1336; x_wconf 78' lang='lat' dir='ltr'>effe</span> <span class='ocrx_word' id='word_1_295' title='bbox 541 1317 698 1349; x_wconf 85' lang='lat' dir='ltr'>oporteret.</span> 
     </span>
    </p>

    <p class='ocr_par' dir='ltr' id='par_1_5' title="bbox 92 1346 1316 1435">
     <span class='ocr_line' id='line_1_30' title="bbox 138 1346 1316 1392; baseline 0 -13"><span class='ocrx_word' id='word_1_296' title='bbox 138 1361 160 1390; x_wconf 85' lang='lat'>5·</span> <span class='ocrx_word' id='word_1_297' title='bbox 201 1348 280 1380; x_wconf 84' lang='lat' dir='ltr'>Idem</span> <span class='ocrx_word' id='word_1_298' title='bbox 298 1348 334 1379; x_wconf 88' lang='lat' dir='ltr'>de</span> <span class='ocrx_word' id='word_1_299' title='bbox 354 1353 466 1380; x_wconf 88' lang='lat' dir='ltr'>Venere</span> <span class='ocrx_word' id='word_1_300' title='bbox 479 1349 674 1385; x_wconf 82' lang='lat' dir='ltr'>statuendum,</span> <span class='ocrx_word' id='word_1_301' title='bbox 688 1352 764 1391; x_wconf 78' lang='lat' dir='ltr'>cujus</span> <span class='ocrx_word' id='word_1_302' title='bbox 779 1347 967 1380; x_wconf 78' lang='lat' dir='ltr'>insensibilem</span> <span class='ocrx_word' id='word_1_303' title='bbox 988 1350 1059 1392; x_wconf 71' lang='lat' dir='ltr'>pene</span> <span class='ocrx_word' id='word_1_304' title='bbox 1085 1346 1138 1378; x_wconf 82' lang='lat' dir='ltr'>effe</span> <span class='ocrx_word' id='word_1_305' title='bbox 1153 1347 1316 1390; x_wconf 79' lang='lat' dir='ltr'>parallaxim</span> 
     </span>
     <span class='ocr_line' id='line_1_31' title="bbox 92 1389 1226 1435; baseline 0.001 -15"><span class='ocrx_word' id='word_1_306' title='bbox 92 1389 303 1422; x_wconf 79' lang='lat' dir='ltr'>observationes</span> <span class='ocrx_word' id='word_1_307' title='bbox 318 1396 346 1423; x_wconf 87' lang='lat' dir='ltr'>in</span> <span class='ocrx_word' id='word_1_308' title='bbox 365 1404 395 1422; x_wconf 81' lang='lat' dir='ltr'>ea</span> <span class='ocrx_word' id='word_1_309' title='bbox 410 1391 504 1422; x_wconf 82' lang='lat' dir='ltr'>Insula</span> <span class='ocrx_word' id='word_1_310' title='bbox 523 1403 588 1422; x_wconf 86' lang='lat' dir='ltr'>cum</span> <span class='ocrx_word' id='word_1_311' title='bbox 606 1391 667 1422; x_wconf 82' lang='lat' dir='ltr'>aliis</span> <span class='ocrx_word' id='word_1_312' title='bbox 688 1395 806 1422; x_wconf 57' lang='lat' dir='ltr'>Luta-tice</span> <span class='ocrx_word' id='word_1_313' title='bbox 825 1390 904 1422; x_wconf 53' lang='lat' dir='ltr'>fustis</span> <span class='ocrx_word' id='word_1_314' title='bbox 923 1391 1034 1422; x_wconf 73' lang='lat' dir='ltr'>collatae</span> <span class='ocrx_word' id='word_1_315' title='bbox 1052 1390 1226 1435; x_wconf 78' lang='lat' dir='ltr'>persuadent.</span> 
     </span>
    </p>

    <p class='ocr_par' dir='ltr' id='par_1_6' title="bbox 92 1434 1317 1606">
     <span class='ocr_line' id='line_1_32' title="bbox 136 1434 1316 1477; baseline 0 -13"><span class='ocrx_word' id='word_1_316' title='bbox 136 1439 164 1464; x_wconf 82' lang='grc'>6.</span> <span class='ocrx_word' id='word_1_317' title='bbox 197 1434 252 1465; x_wconf 77' lang='lat' dir='ltr'>Sed</span> <span class='ocrx_word' id='word_1_318' title='bbox 267 1447 301 1465; x_wconf 81' lang='lat' dir='ltr'>ex</span> <span class='ocrx_word' id='word_1_319' title='bbox 323 1435 426 1466; x_wconf 87' lang='lat' dir='ltr'>crebris</span> <span class='ocrx_word' id='word_1_320' title='bbox 451 1434 696 1465; x_wconf 79' lang='lat' dir='ltr'>observationibus</span> <span class='ocrx_word' id='word_1_321' title='bbox 715 1434 788 1465; x_wconf 88' lang='lat' dir='ltr'>illud</span> <span class='ocrx_word' id='word_1_322' title='bbox 812 1446 991 1477; x_wconf 84' lang='lat' dir='ltr'>compertum</span> <span class='ocrx_word' id='word_1_323' title='bbox 1004 1435 1078 1472; x_wconf 76' lang='lat' dir='ltr'>fuit,</span> <span class='ocrx_word' id='word_1_324' title='bbox 1101 1437 1211 1464; x_wconf 74' lang='lat' dir='ltr'>Lunam</span> <span class='ocrx_word' id='word_1_325' title='bbox 1235 1445 1316 1465; x_wconf 82' lang='lat' dir='ltr'>terrae</span> 
     </span>
     <span class='ocr_line' id='line_1_33' title="bbox 93 1475 1316 1518; baseline 0 -12"><span class='ocrx_word' id='word_1_326' title='bbox 93 1475 157 1506; x_wconf 80' lang='lat' dir='ltr'>satis</span> <span class='ocrx_word' id='word_1_327' title='bbox 177 1476 230 1507; x_wconf 75' lang='lat' dir='ltr'>csse</span> <span class='ocrx_word' id='word_1_328' title='bbox 249 1480 372 1508; x_wconf 74' lang='lat' dir='ltr'>vicinam</span> <span class='ocrx_word' id='word_1_329' title='bbox 390 1500 399 1513; x_wconf 89' lang='lat'>‚</span> <span class='ocrx_word' id='word_1_330' title='bbox 419 1489 450 1508; x_wconf 88' lang='lat' dir='ltr'>ut</span> <span class='ocrx_word' id='word_1_331' title='bbox 471 1477 598 1508; x_wconf 81' lang='lat' dir='ltr'>distantia</span> <span class='ocrx_word' id='word_1_332' title='bbox 616 1480 757 1509; x_wconf 75' lang='lat' dir='ltr'>Lutetiam</span> <span class='ocrx_word' id='word_1_333' title='bbox 778 1481 851 1508; x_wconf 84' lang='lat' dir='ltr'>inter</span> <span class='ocrx_word' id='word_1_334' title='bbox 872 1482 901 1508; x_wconf 61' lang='grc' dir='ltr'>δε</span> <span class='ocrx_word' id='word_1_335' title='bbox 924 1478 1090 1518; x_wconf 77' lang='lat' dir='ltr'>Cayennam</span> <span class='ocrx_word' id='word_1_336' title='bbox 1112 1477 1143 1508; x_wconf 84' lang='lat' dir='ltr'>sir</span> <span class='ocrx_word' id='word_1_337' title='bbox 1169 1476 1316 1512; x_wconf 82' lang='lat' dir='ltr'>senlibilis,</span> 
     </span>
     <span class='ocr_line' id='line_1_34' title="bbox 94 1519 1317 1561; baseline 0 -13"><span class='ocrx_word' id='word_1_338' title='bbox 94 1521 124 1548; x_wconf 84' lang='lat'>&amp;</span> <span class='ocrx_word' id='word_1_339' title='bbox 147 1519 217 1550; x_wconf 82' lang='lat' dir='ltr'>basis</span> <span class='ocrx_word' id='word_1_340' title='bbox 243 1520 307 1550; x_wconf 87' lang='lat' dir='ltr'>loco</span> <span class='ocrx_word' id='word_1_341' title='bbox 322 1521 354 1551; x_wconf 83' lang='lat' dir='ltr'>fit</span> <span class='ocrx_word' id='word_1_342' title='bbox 376 1520 511 1551; x_wconf 71' lang='lat' dir='ltr'>distantiae</span> <span class='ocrx_word' id='word_1_343' title='bbox 533 1524 618 1552; x_wconf 77' lang='lat' dir='ltr'>Lunae</span> <span class='ocrx_word' id='word_1_344' title='bbox 633 1520 815 1551; x_wconf 81' lang='lat' dir='ltr'>dimetiendae</span> <span class='ocrx_word' id='word_1_345' title='bbox 836 1520 949 1551; x_wconf 70' lang='lat' dir='ltr'>idonea.</span> <span class='ocrx_word' id='word_1_346' title='bbox 975 1523 1048 1561; x_wconf 83' lang='lat' dir='ltr'>Qae</span> <span class='ocrx_word' id='word_1_347' title='bbox 1070 1522 1141 1551; x_wconf 81' lang='lat' dir='ltr'>ratio</span> <span class='ocrx_word' id='word_1_348' title='bbox 1155 1523 1214 1559; x_wconf 80' lang='lat' dir='ltr'>ejus</span> <span class='ocrx_word' id='word_1_349' title='bbox 1235 1523 1317 1550; x_wconf 80' lang='lat' dir='ltr'>inve-</span> 
     </span>
     <span class='ocr_line' id='line_1_35' title="bbox 92 1561 1276 1606; baseline 0.001 -15"><span class='ocrx_word' id='word_1_350' title='bbox 92 1562 203 1592; x_wconf 76' lang='lat' dir='ltr'>niendae</span> <span class='ocrx_word' id='word_1_351' title='bbox 216 1562 350 1594; x_wconf 75' lang='lat' dir='ltr'>distantia:</span> <span class='ocrx_word' id='word_1_352' title='bbox 366 1563 429 1594; x_wconf 82' lang='lat' dir='ltr'>licet</span> <span class='ocrx_word' id='word_1_353' title='bbox 447 1563 602 1594; x_wconf 83' lang='lat' dir='ltr'>admodum</span> <span class='ocrx_word' id='word_1_354' title='bbox 618 1574 779 1606; x_wconf 79' lang='lat' dir='ltr'>opportuna</span> <span class='ocrx_word' id='word_1_355' title='bbox 793 1563 924 1594; x_wconf 89' lang='lat' dir='ltr'>nondum</span> <span class='ocrx_word' id='word_1_356' title='bbox 938 1575 1018 1594; x_wconf 74' lang='lat' dir='ltr'>antea</span> <span class='ocrx_word' id='word_1_357' title='bbox 1031 1561 1121 1593; x_wconf 79' lang='lat' dir='ltr'>fuerat</span> <span class='ocrx_word' id='word_1_358' title='bbox 1139 1563 1276 1604; x_wconf 74' lang='lat' dir='ltr'>usurpata.</span> 
     </span>
    </p>

    <p class='ocr_par' dir='ltr' id='par_1_7' title="bbox 91 1604 1318 1734">
     <span class='ocr_line' id='line_1_36' title="bbox 137 1604 1315 1649; baseline -0.002 -13"><span class='ocrx_word' id='word_1_359' title='bbox 137 1616 168 1644; x_wconf 88' lang='lat'>7.</span> <span class='ocrx_word' id='word_1_360' title='bbox 207 1606 380 1649; x_wconf 86' lang='lat' dir='ltr'>Complures</span> <span class='ocrx_word' id='word_1_361' title='bbox 403 1609 433 1637; x_wconf 84' lang='lat'>&amp;</span> <span class='ocrx_word' id='word_1_362' title='bbox 455 1605 605 1649; x_wconf 76' lang='lat' dir='ltr'>singulares</span> <span class='ocrx_word' id='word_1_363' title='bbox 627 1610 701 1636; x_wconf 85' lang='lat' dir='ltr'>circa</span> <span class='ocrx_word' id='word_1_364' title='bbox 715 1607 892 1636; x_wconf 79' lang='lat' dir='ltr'>Mercurium</span> <span class='ocrx_word' id='word_1_365' title='bbox 908 1605 988 1637; x_wconf 57' lang='lat' dir='ltr'><strong>5³6}ae</strong></span> <span class='ocrx_word' id='word_1_366' title='bbox 1006 1605 1067 1635; x_wconf 85' lang='lat' dir='ltr'>sunt</span> <span class='ocrx_word' id='word_1_367' title='bbox 1084 1604 1315 1640; x_wconf 75' lang='lat' dir='ltr'>observationes,</span> 
     </span>
     <span class='ocr_line' id='line_1_37' title="bbox 91 1647 1318 1693; baseline -0.001 -15"><span class='ocrx_word' id='word_1_368' title='bbox 91 1658 210 1691; x_wconf 79' lang='lat' dir='ltr'>quaeque</span> <span class='ocrx_word' id='word_1_369' title='bbox 229 1652 344 1680; x_wconf 84' lang='lat' dir='ltr'>Lutetiae</span> <span class='ocrx_word' id='word_1_370' title='bbox 363 1649 424 1680; x_wconf 86' lang='lat' dir='ltr'>fieri</span> <span class='ocrx_word' id='word_1_371' title='bbox 445 1661 503 1679; x_wconf 90' lang='lat' dir='ltr'>non</span> <span class='ocrx_word' id='word_1_372' title='bbox 525 1659 699 1693; x_wconf 78' lang='lat' dir='ltr'>potuerunt:</span> <span class='ocrx_word' id='word_1_373' title='bbox 724 1660 829 1691; x_wconf 81' lang='lat' dir='ltr'>magno</span> <span class='ocrx_word' id='word_1_374' title='bbox 851 1648 907 1679; x_wconf 82' lang='lat' dir='ltr'>illae</span> <span class='ocrx_word' id='word_1_375' title='bbox 927 1650 988 1680; x_wconf 86' lang='lat' dir='ltr'>usui</span> <span class='ocrx_word' id='word_1_376' title='bbox 1011 1647 1064 1679; x_wconf 84' lang='lat' dir='ltr'>esse</span> <span class='ocrx_word' id='word_1_377' title='bbox 1084 1647 1197 1691; x_wconf 72' lang='lat' dir='ltr'>poss&#39;urst</span> <span class='ocrx_word' id='word_1_378' title='bbox 1217 1647 1318 1679; x_wconf 83' lang='lat' dir='ltr'>tabulis</span> 
     </span>
     <span class='ocr_line' id='line_1_38' title="bbox 94 1691 529 1734; baseline 0.007 -14"><span class='ocrx_word' id='word_1_379' title='bbox 94 1691 178 1731; x_wconf 69' lang='lat' dir='ltr'>hujus</span> <span class='ocrx_word' id='word_1_380' title='bbox 196 1691 313 1734; x_wconf 73' lang='lat' dir='ltr'>planetae</span> <span class='ocrx_word' id='word_1_381' title='bbox 336 1692 529 1723; x_wconf 78' lang='lat' dir='ltr'>instaurandis.</span> 
     </span>
    </p>

    <p class='ocr_par' dir='ltr' id='par_1_8' title="bbox 91 1731 1317 1979">
     <span class='ocr_line' id='line_1_39' title="bbox 140 1731 1316 1778; baseline 0 -14"><span class='ocrx_word' id='word_1_382' title='bbox 140 1737 166 1765; x_wconf 87' lang='lat'>8.</span> <span class='ocrx_word' id='word_1_383' title='bbox 196 1734 312 1778; x_wconf 86' lang='lat' dir='ltr'>Eclipfis</span> <span class='ocrx_word' id='word_1_384' title='bbox 333 1738 420 1767; x_wconf 75' lang='lat' dir='ltr'>Lunae</span> <span class='ocrx_word' id='word_1_385' title='bbox 444 1736 538 1765; x_wconf 80' lang='lat' dir='ltr'>mense</span> <span class='ocrx_word' id='word_1_386' title='bbox 563 1734 722 1777; x_wconf 82' lang='lat' dir='ltr'>Septembri</span> <span class='ocrx_word' id='word_1_387' title='bbox 745 1737 812 1765; x_wconf 81' lang='lat' dir='ltr'>anni</span> <span class='ocrx_word' id='word_1_388' title='bbox 838 1741 905 1773; x_wconf 77' lang='lat'>1672</span> <span class='ocrx_word' id='word_1_389' title='bbox 920 1757 929 1769; x_wconf 92' lang='lat'><em>,</em></span> <span class='ocrx_word' id='word_1_390' title='bbox 954 1733 1076 1777; x_wconf 82' lang='lat' dir='ltr'>Eclipses</span> <span class='ocrx_word' id='word_1_391' title='bbox 1098 1733 1197 1764; x_wconf 86' lang='lat' dir='ltr'>itidem</span> <span class='ocrx_word' id='word_1_392' title='bbox 1212 1731 1316 1765; x_wconf 79' lang='lat' dir='ltr'>satelli-</span> 
     </span>
     <span class='ocr_line' id='line_1_40' title="bbox 92 1776 1317 1822; baseline 0.002 -16"><span class='ocrx_word' id='word_1_393' title='bbox 92 1786 153 1807; x_wconf 89' lang='lat' dir='ltr'>tum</span> <span class='ocrx_word' id='word_1_394' title='bbox 174 1778 257 1819; x_wconf 83' lang='lat' dir='ltr'>Jovis</span> <span class='ocrx_word' id='word_1_395' title='bbox 278 1778 432 1822; x_wconf 82' lang='lat' dir='ltr'>utrobique</span> <span class='ocrx_word' id='word_1_396' title='bbox 450 1777 529 1808; x_wconf 73' lang='lat' dir='ltr'>simul</span> <span class='ocrx_word' id='word_1_397' title='bbox 553 1777 618 1808; x_wconf 80' lang='lat' dir='ltr'>visae</span> <span class='ocrx_word' id='word_1_398' title='bbox 641 1777 864 1808; x_wconf 80' lang='lat' dir='ltr'>meridianorum</span> <span class='ocrx_word' id='word_1_399' title='bbox 884 1778 1026 1819; x_wconf 83' lang='lat' dir='ltr'>utriusque</span> <span class='ocrx_word' id='word_1_400' title='bbox 1046 1776 1101 1807; x_wconf 88' lang='lat' dir='ltr'>loci</span> <span class='ocrx_word' id='word_1_401' title='bbox 1124 1776 1317 1808; x_wconf 64' lang='lat' dir='ltr'>differentiam</span> 
     </span>
     <span class='ocr_line' id='line_1_41' title="bbox 91 1819 1316 1863; baseline 0.001 -14"><span class='ocrx_word' id='word_1_402' title='bbox 91 1819 269 1862; x_wconf 74' lang='lat' dir='ltr'>praebuerant</span> <span class='ocrx_word' id='word_1_403' title='bbox 284 1821 417 1852; x_wconf 81' lang='lat' dir='ltr'>horarum</span> <span class='ocrx_word' id='word_1_404' title='bbox 440 1833 477 1859; x_wconf 79' lang='lat'>3,</span> <span class='ocrx_word' id='word_1_405' title='bbox 504 1824 537 1852; x_wconf 76' lang='lat'>28</span> <span class='ocrx_word' id='word_1_406' title='bbox 565 1823 636 1851; x_wconf 89' lang='lat' dir='ltr'>min.</span> <span class='ocrx_word' id='word_1_407' title='bbox 658 1832 690 1860; x_wconf 76' lang='lat'>3⁰</span> <span class='ocrx_word' id='word_1_408' title='bbox 714 1820 765 1852; x_wconf 74' lang='lat' dir='ltr'>stc.</span> <span class='ocrx_word' id='word_1_409' title='bbox 789 1823 862 1862; x_wconf 83' lang='lat' dir='ltr'>Qae</span> <span class='ocrx_word' id='word_1_410' title='bbox 881 1823 909 1850; x_wconf 86' lang='lat' dir='ltr'>in</span> <span class='ocrx_word' id='word_1_411' title='bbox 925 1821 1028 1863; x_wconf 77' lang='lat' dir='ltr'>gradus</span> <span class='ocrx_word' id='word_1_412' title='bbox 1049 1819 1164 1851; x_wconf 51' lang='lat' dir='ltr'>teduini</span> <span class='ocrx_word' id='word_1_413' title='bbox 1189 1831 1221 1860; x_wconf 71' lang='lat'>52</span> <span class='ocrx_word' id='word_1_414' title='bbox 1245 1823 1273 1850; x_wconf 89' lang='lat'>&amp;</span> <span class='ocrx_word' id='word_1_415' title='bbox 1296 1832 1316 1858; x_wconf 90' lang='lat'>7</span> 
     </span>
     <span class='ocr_line' id='line_1_42' title="bbox 93 1861 1317 1905; baseline -0.002 -12"><span class='ocrx_word' id='word_1_416' title='bbox 93 1861 229 1893; x_wconf 79' lang='lat' dir='ltr'>efficiunt.</span> <span class='ocrx_word' id='word_1_417' title='bbox 249 1864 338 1903; x_wconf 83' lang='lat' dir='ltr'>Qod</span> <span class='ocrx_word' id='word_1_418' title='bbox 354 1868 384 1895; x_wconf 72' lang='grc' dir='ltr'>δε</span> <span class='ocrx_word' id='word_1_419' title='bbox 402 1865 593 1894; x_wconf 72' lang='lat' dir='ltr'>Astronomiae</span> <span class='ocrx_word' id='word_1_420' title='bbox 614 1867 642 1894; x_wconf 87' lang='lat'>&amp;</span> <span class='ocrx_word' id='word_1_421' title='bbox 660 1864 849 1905; x_wconf 78' lang='lat' dir='ltr'>Navigationi</span> <span class='ocrx_word' id='word_1_422' title='bbox 864 1862 932 1893; x_wconf 83' lang='lat' dir='ltr'>utile</span> <span class='ocrx_word' id='word_1_423' title='bbox 951 1863 1074 1894; x_wconf 80' lang='lat' dir='ltr'>fututum</span> <span class='ocrx_word' id='word_1_424' title='bbox 1092 1863 1129 1892; x_wconf 89' lang='lat' dir='ltr'>cst</span> <span class='ocrx_word' id='word_1_425' title='bbox 1142 1885 1150 1897; x_wconf 92' lang='lat'>‚</span> <span class='ocrx_word' id='word_1_426' title='bbox 1172 1874 1201 1892; x_wconf 87' lang='lat' dir='ltr'>ut</span> <span class='ocrx_word' id='word_1_427' title='bbox 1217 1861 1317 1891; x_wconf 84' lang='lat' dir='ltr'>obser-</span> 
     </span>
     <span class='ocr_line' id='line_1_43' title="bbox 91 1905 1317 1950; baseline -0.001 -15"><span class='ocrx_word' id='word_1_428' title='bbox 91 1909 219 1936; x_wconf 81' lang='lat' dir='ltr'>vationes</span> <span class='ocrx_word' id='word_1_429' title='bbox 240 1906 389 1950; x_wconf 84' lang='lat' dir='ltr'>utrobique</span> <span class='ocrx_word' id='word_1_430' title='bbox 409 1907 487 1937; x_wconf 59' lang='lat' dir='ltr'>factae</span> <span class='ocrx_word' id='word_1_431' title='bbox 510 1906 696 1937; x_wconf 87' lang='lat' dir='ltr'>concilientur</span> <span class='ocrx_word' id='word_1_432' title='bbox 709 1929 718 1942; x_wconf 89' lang='lat'><em>,</em></span> <span class='ocrx_word' id='word_1_433' title='bbox 743 1910 773 1937; x_wconf 91' lang='lat'>&amp;</span> <span class='ocrx_word' id='word_1_434' title='bbox 796 1905 897 1937; x_wconf 78' lang='lat' dir='ltr'>tabulae</span> <span class='ocrx_word' id='word_1_435' title='bbox 915 1905 1161 1949; x_wconf 76' lang='lat' dir='ltr'>Hydrographicae</span> <span class='ocrx_word' id='word_1_436' title='bbox 1179 1916 1317 1947; x_wconf 25' lang='lat' dir='ltr'>compro-¹</span> 
     </span>
     <span class='ocr_line' id='line_1_44' title="bbox 92 1949 202 1979; baseline -0.018 0"><span class='ocrx_word' id='word_1_437' title='bbox 92 1949 202 1979; x_wconf 77' lang='lat' dir='ltr'>bentur.</span> 
     </span>
    </p>

    <p class='ocr_par' dir='ltr' id='par_1_9' title="bbox 93 1990 1317 2160">
     <span class='ocr_line' id='line_1_45' title="bbox 136 1990 1317 2035; baseline -0.002 -14"><span class='ocrx_word' id='word_1_438' title='bbox 136 2005 163 2031; x_wconf 85' lang='lat'>9.</span> <span class='ocrx_word' id='word_1_439' title='bbox 192 1993 328 2034; x_wconf 83' lang='lat' dir='ltr'>Magnam</span> <span class='ocrx_word' id='word_1_440' title='bbox 347 1991 487 2024; x_wconf 87' lang='lat' dir='ltr'>stellarum</span> <span class='ocrx_word' id='word_1_441' title='bbox 509 1990 724 2022; x_wconf 82' lang='lat' dir='ltr'>multitudinem</span> <span class='ocrx_word' id='word_1_442' title='bbox 745 1995 774 2022; x_wconf 90' lang='lat' dir='ltr'>in</span> <span class='ocrx_word' id='word_1_443' title='bbox 796 1991 915 2023; x_wconf 78' lang='lat' dir='ltr'>Australi</span> <span class='ocrx_word' id='word_1_444' title='bbox 938 1991 1006 2022; x_wconf 85' lang='lat' dir='ltr'>coeli</span> <span class='ocrx_word' id='word_1_445' title='bbox 1026 1992 1108 2035; x_wconf 74' lang='lat' dir='ltr'>plaga</span> <span class='ocrx_word' id='word_1_446' title='bbox 1124 2002 1186 2032; x_wconf 66' lang='lat' dir='ltr'>qua·</span> <span class='ocrx_word' id='word_1_447' title='bbox 1201 1994 1227 2020; x_wconf 87' lang='lat' dir='ltr'>in</span> <span class='ocrx_word' id='word_1_448' title='bbox 1246 1990 1317 2020; x_wconf 80' lang='lat' dir='ltr'>Gal..</span> 
     </span>
     <span class='ocr_line' id='line_1_46' title="bbox 93 2032 1316 2078; baseline 0 -14"><span class='ocrx_word' id='word_1_449' title='bbox 93 2033 131 2065; x_wconf 76' lang='lat' dir='ltr'>lia</span> <span class='ocrx_word' id='word_1_450' title='bbox 150 2034 241 2065; x_wconf 75' lang='lat' dir='ltr'>videri</span> <span class='ocrx_word' id='word_1_451' title='bbox 260 2047 319 2065; x_wconf 90' lang='lat' dir='ltr'>non</span> <span class='ocrx_word' id='word_1_452' title='bbox 339 2034 450 2078; x_wconf 75' lang='lat' dir='ltr'>possunt</span> <span class='ocrx_word' id='word_1_453' title='bbox 468 2058 477 2071; x_wconf 96' lang='lat'>,</span> <span class='ocrx_word' id='word_1_454' title='bbox 500 2046 617 2077; x_wconf 84' lang='lat' dir='ltr'>quaeque</span> <span class='ocrx_word' id='word_1_455' title='bbox 633 2046 712 2066; x_wconf 79' lang='lat' dir='ltr'>antea</span> <span class='ocrx_word' id='word_1_456' title='bbox 734 2035 841 2066; x_wconf 87' lang='lat' dir='ltr'>rudiori</span> <span class='ocrx_word' id='word_1_457' title='bbox 862 2034 997 2078; x_wconf 86' lang='lat' dir='ltr'>penicillo</span> <span class='ocrx_word' id='word_1_458' title='bbox 1017 2038 1045 2065; x_wconf 86' lang='lat' dir='ltr'>in</span> <span class='ocrx_word' id='word_1_459' title='bbox 1068 2034 1155 2075; x_wconf 80' lang='lat' dir='ltr'>globo</span> <span class='ocrx_word' id='word_1_460' title='bbox 1169 2032 1316 2074; x_wconf 71' lang='lat' dir='ltr'>designata:</span> 
     </span>
     <span class='ocr_line' id='line_1_47' title="bbox 93 2075 1314 2120; baseline -0.002 -12"><span class='ocrx_word' id='word_1_461' title='bbox 93 2088 172 2108; x_wconf 82' lang='lat' dir='ltr'>erant</span> <span class='ocrx_word' id='word_1_462' title='bbox 196 2089 229 2108; x_wconf 86' lang='lat' dir='ltr'>ex</span> <span class='ocrx_word' id='word_1_463' title='bbox 250 2089 400 2110; x_wconf 82' lang='lat' dir='ltr'>nautarum</span> <span class='ocrx_word' id='word_1_464' title='bbox 418 2076 686 2119; x_wconf 83' lang='lat' dir='ltr'>observationibus,</span> <span class='ocrx_word' id='word_1_465' title='bbox 703 2089 778 2110; x_wconf 88' lang='lat' dir='ltr'>nunc</span> <span class='ocrx_word' id='word_1_466' title='bbox 798 2077 862 2110; x_wconf 84' lang='lat' dir='ltr'>licet</span> <span class='ocrx_word' id='word_1_467' title='bbox 882 2081 1035 2120; x_wconf 60' lang='lat' dir='ltr'>accuratius</span> <span class='ocrx_word' id='word_1_468' title='bbox 1059 2080 1087 2106; x_wconf 89' lang='lat' dir='ltr'>in</span> <span class='ocrx_word' id='word_1_469' title='bbox 1104 2075 1212 2106; x_wconf 82' lang='lat' dir='ltr'>coelessi</span> <span class='ocrx_word' id='word_1_470' title='bbox 1225 2075 1314 2118; x_wconf 69' lang='lat' dir='ltr'>globo</span> 
     </span>
     <span class='ocr_line' id='line_1_48' title="bbox 95 2119 1161 2160; baseline -0.002 -10"><span class='ocrx_word' id='word_1_471' title='bbox 95 2119 246 2155; x_wconf 79' lang='lat' dir='ltr'>delincate.</span> <span class='ocrx_word' id='word_1_472' title='bbox 1071 2120 1100 2150; x_wconf 92' lang='lat' dir='ltr'>O</span> <span class='ocrx_word' id='word_1_473' title='bbox 1131 2121 1161 2160; x_wconf 82' lang='lat' dir='ltr'>iij</span> 
     </span>
    </p>
   </div>
  </div>
 </body>
</html>
