1638 2345
335 93 626 127 ACADEMIAE
659 94 943 127 HISTORIA·
982 95 1070 127 L1B.
1093 97 1117 126 1.
1284 109 1298 128 2

86 148 158 182 aqua
179 141 361 173 communis,
385 149 448 181 quae
464 151 500 171 ex
526 143 591 182 igne
612 139 748 170 eumdem
776 138 879 170 caloris
896 136 1018 181 gradum
1044 140 1126 169 nacta
1146 139 1201 171 est:
1228 111 1313 184 siqui}
1339 145 1430 186 Aqua

85 183 152 214 dem
177 194 264 226 vapor
282 180 330 213 ille
352 187 443 214 tenuis
464 194 524 213 non
546 194 606 214 tam
625 182 682 215 alte
701 185 876 226 imprimitur
898 185 927 213 in
947 180 1040 212 tactus
1073 193 1183 224 organo
1196 209 1204 219 ‚
1229 195 1313 227 atque
1326 189 1418 219 miner.

84 237 157 268 aqua
170 251 179 262 ‚
204 230 284 267 cujus
302 236 395 268 partes
415 226 478 257 sunt
499 224 642 259 craffiorcs
662 230 693 258 &
720 229 793 269 ignis
808 224 922 269 spiculis
944 236 1066 257 armarat.
1090 227 1137 256 Sic
1158 231 1314 260 teneriores

84 269 187 301 herbas
207 281 238 301 ut
259 268 399 300 acetosam
430 280 489 300 non
510 281 638 313 coquunt
661 269 761 301 eadem
788 270 930 301 celeritate
953 279 1036 311 atque
1061 279 1133 312 aqua
1151 276 1315 303 communis

85 316 131 344 cui
150 312 227 344 idem
248 313 350 344 caloris
365 313 468 355 gradus
498 316 578 346 inest.
602 315 682 345 Hinc
705 312 777 357 saepe
802 324 881 357 aquae
907 311 1058 345 minerales
1083 310 1231 344 calidiores
1253 313 1317 346 sunt

84 359 176 388 noctu
193 356 280 399 quam
304 355 340 387 de
353 357 399 387 die
416 379 427 392 ‚
454 356 537 399 quod
557 360 577 389 ii
599 368 718 401 vapores
739 368 856 388 externo
875 359 948 388 aeltis
973 356 1080 399 frigore
1101 359 1314 393 coerceanturs

85 402 104 430 ii
126 410 214 443 porro
231 403 290 431 a'e'ri
306 412 339 430 ex
362 398 424 431 ofiti
436 399 543 431 diutius
568 400 693 432 calorem
711 399 790 431 suum
806 412 928 433 tuentur.

118 446 145 474 V
159 446 170 473 1
185 445 208 473 Ι.
238 446 280 474 Ex
291 411 394 486 quibus
409 442 599 475 concludebat
619 442 748 488 prodesse
767 444 913 476 interdum
926 442 1051 474 calorem
1067 455 1146 486 aqua:
1163 455 1255 488 epotae
1272 446 1315 477 his

82 489 134 530 qui
158 487 315 519 humidiori
339 492 370 520 &
395 487 502 530 frigido
527 487 589 519 sunt
606 499 854 532 temperamento,
881 499 941 518 non
962 491 1030 518 item
1053 485 1160 519 biliosis
1174 511 1183 523 ,
1214 499 1260 520 aut
1282 493 1316 521 iis

82 534 135 573 qui
152 530 322 574 pulmonum
342 530 406 562 tabe
419 553 428 567 ‚
443 542 489 562 aut
508 530 629 563 aliorum
644 532 783 564 viscerum
796 531 887 563 calida
907 534 1075 574 intemperie
1094 530 1237 563 laborant.
1250 535 1317 565 Un-

82 575 121 604 de
144 586 251 606 veteres
271 574 343 606 olim
373 574 477 605 balneo
501 575 613 606 tantum
637 587 683 606 aut
706 573 869 618 perfusione
891 578 921 606 δε
947 574 1055 605 lotione
1078 575 1254 607 thermarum
1274 581 1316 608 uti

81 615 215 654 solebant
231 630 289 660 quo
317 617 409 649 lentos
425 621 456 648 δε
479 616 599 660 frigidos
612 619 746 649 humores
761 618 945 650 resolverent.

121 662 209 692 VIII.
237 662 430 692 Thermarum
455 664 528 692 vires
550 665 721 705 experientia
740 666 852 704 magis,
876 673 962 704 quam
984 664 1094 691 ratione
1108 686 1117 700 ,
1141 661 1159 691 si
1181 661 1236 692 sola
1256 662 1289 694 sit
1306 686 1314 699 ‚

80 702 299 746 Higmscimus,
323 716 415 747 neque
431 708 564 736 omnium
580 717 634 736 una
652 708 683 736 &
707 705 805 735 eadem
822 705 860 735 est
879 716 976 736 natura
1001 706 1031 734 ὃ(
1052 708 1146 746 origO.
1167 706 1244 736 Cum
1264 719 1316 737 an-

80 757 125 778 :no
152 750 236 780 1668.
258 749 432 791 Aquisgrani
455 760 568 792 agerem
592 752 623 780 in
644 752 782 780 comitatu
797 747 902 779 Illustr.
918 750 1061 791 Legati&
1090 748 1316 792 Plenipotentia-

80 793 119 821 :rii
147 791 188 825 D.
209 792 307 823 Caroli
325 792 468 827 Colbert,
488 792 581 835 postea
600 793 676 834 Regi
698 792 714 822 ὲ
736 791 932 823 secretioribus
948 790 1085 822 mandatis
1100 813 1109 826 ,
1131 796 1252 835 experiri
1266 805 1314 825 vo-

80 832 125 865 ]ui
143 847 179 865 an
204 839 301 867 ovain
322 839 411 878 puteis
431 839 532 867 vicinis
548 845 761 879 coquerentur:
790 835 850 865 haee
872 837 946 867 intra
965 845 1053 879 pauca
1074 835 1152 864 hoiae
1168 847 1314 868 momenta

79 877 262 910 :indurescere
281 882 429 922 comperi,
453 878 531 922 quod
553 883 583 910 in
600 882 678 921 aquis
695 878 850 910 Borboniis
864 889 967 922 negant
980 883 1105 910 evenire.
1128 880 1172 909 Ac
1192 877 1313 923 fieripo-

83 921 135 951 test
147 933 177 953 ut
192 922 266 954 fumi
282 923 298 953 ἑ·
316 923 473 966 sulphureis
488 922 674 954 mineralibus
692 921 793 953 sublati
811 922 887 952 hunc
902 927 981 966 aquis
995 921 1119 954 calorem
1137 925 1312 966 impertiant.

80 964 165 996 Nam
188 977 276 1009 prope
299 967 511 1009 Aquisgranum
527 966 577 997 ubi
599 966 727 1010 plerique
746 964 840 996 fontes
857 968 887 996 ὅ(
905 971 981 1009 putei
1000 964 1084 997 calidi
1098 976 1262 1002 occurrunt,
1278 979 1313 999 ex

81 1007 188 1049 quibus
207 1020 278 1051 aqua
294 1014 474 1041 continenter·
495 1008 616 1049 ebullit,
638 1009 796 1053 sulphuris,
818 1011 927 1041 vitrioli
944 1033 953 1046 ,
973 1014 1003 1041 &
1032 1008 1134 1051 lapidis
1159 1009 1313 1042 calamina..

79 1054 122 1083 xis
142 1053 303 1095 complures
321 1064 473 1084 occurrunt
494 1064 586 1085 venae.

118 1096 175 1126 IX.
201 1099 268 1136 Qa
285 1108 372 1139 porro
396 1099 506 1127 ratione
523 1096 717 1128 examinandae
735 1095 787 1127 sint
808 1107 886 1138 aqua:
907 1094 1058 1125 minerales
1081 1094 1166 1127 fusius
1184 1099 1314 1141 exposuit

83 1137 127 1170 D.
149 1140 199 1169 Du
223 1138 306 1173 Clos.
325 1141 367 1170 Eo
385 1139 502 1182 quidem
524 1143 640 1171 nomine
658 1139 802 1171 donantur
814 1150 877 1182 quae
898 1150 931 1169 ex
943 1138 1112 1169 admistione
1131 1141 1312 1173 mineralium

84 1181 223 1225 insignem
244 1183 368 1226 aliquam
389 1182 496 1214 habent
518 1182 683 1226 qualitatem
704 1184 830 1214 hominis
852 1183 961 1214 sanitati
979 1182 1080 1213 utilem
1104 1194 1150 1214 aut
1168 1189 1284 1216 noxiam
1299 1211 1310 1225 ,

82 1236 202 1268 eamque
221 1238 255 1257 ex
277 1238 349 1258 terra
371 1237 456 1268 quam
478 1226 620 1258 alluerunr
633 1249 642 1262 ,
663 1238 709 1258 aut
722 1232 751 1258 in
772 1239 826 1270 qua
845 1225 952 1257 diutius
968 1225 1177 1268 restagnatunr,
1197 1239 1311 1260 contra-

81 1279 159 1299 xere.
183 1272 257 1311 Qa:
279 1268 425 1314 impressio
441 1282 475 1301 ex
497 1269 568 1301 succi
589 1270 730 1312 alicujus,
756 1282 802 1301 aut
821 1281 960 1311 vaporum
975 1291 985 1304 ‚
1005 1281 1035 1300 ut
1053 1269 1193 1306 diximus,
1212 1272 1312 1303 mistu-

82 1323 133 1347 ra,
155 1323 203 1344 aut
222 1313 345 1357 denique
363 1325 396 1343 ex
416 1312 537 1357 simplici
556 1313 698 1345 infusione
711 1336 720 1349 ‚
750 1318 818 1345 citra
836 1312 913 1344 illius
933 1317 1062 1354 corporis
1076 1312 1213 1345 senfibilis
1229 1316 1312 1347 addi-

84 1359 194 1387 tionem
216 1356 350 1389 dimanat.
373 1361 524 1400 Vaporum
543 1357 672 1388 admistio
696 1368 756 1388 non
781 1355 862 1388 facile
877 1357 1072 1399 dignoscitur,
1093 1368 1159 1388 cum
1181 1358 1241 1388 cito
1259 1371 1311 1390 ex-

83 1397 199 1435 halent3
218 1399 326 1432 vittioli
347 1401 445 1444 spiritu
468 1401 540 1432 foeta
561 1402 615 1432 hoc
637 1400 746 1432 indicio
762 1399 788 1431 se
808 1400 956 1444 produnt,
978 1412 1043 1430 cum
1069 1411 1193 1432 recentes
1208 1414 1236 1432 in
1262 1415 1310 1434 va-

80 1441 118 1472 sis
140 1443 193 1474 rite
209 1443 326 1476 occlusis
341 1443 422 1489 gallae
437 1444 578 1476 infusione
601 1444 731 1476 colorem
754 1455 788 1475 ex
809 1444 896 1476 rubro
926 1447 955 1475 in
981 1455 1074 1475 artum
1090 1443 1310 1486 degenerantem

83 1485 216 1522 induunt.

116 1533 198 1563 Succi
218 1543 265 1564 aut
287 1532 348 1564 salis
367 1535 510 1577 particulae
526 1538 554 1566 in
572 1538 651 1578 aquis
675 1532 828 1569 exsolutae‚
847 1543 908 1565 tum
926 1535 1149 1577 praecipitatione
1164 1543 1227 1575 quae
1252 1532 1311 1575 spi-

83 1576 152 1605 ritus
168 1575 229 1607 salis
248 1581 420 1609 ammoniaci
434 1601 443 1614 ,
462 1590 508 1610 aut
523 1579 634 1623 spiritus
654 1583 743 1610 urinae
758 1576 894 1609 affufionc
906 1576 1052 1622 perficitur
1064 1599 1073 1612 ,
1098 1587 1157 1607 tum
1175 1586 1309 1617 aquatum

83 1616 266 1650 distillatione
283 1632 328 1652 aut
349 1622 527 1654 exhalatione
548 1623 573 1652 se
597 1622 732 1666 produnt.
761 1621 910 1665 impressio
926 1620 1068 1663 qualitatis
1089 1623 1158 1651 citi-a
1173 1618 1309 1650 senfihilis

83 1666 206 1694 materia:
224 1662 423 1696 admistionem
439 1677 473 1696 ex
492 1665 599 1697 eflec'i’is
616 1664 792 1709 potissimum
815 1665 976 1696 innotescit.
1000 1663 1150 1694 Interdum
1170 1673 1264 1693 tamen
1276 1674 1309 1694 ex

84 1704 182 1747 sapore
208 1717 238 1738 ut
259 1720 328 1751 aqua
348 1719 411 1750 quae
436 1712 464 1741 in
488 1709 551 1740 vase
570 1720 649 1739 aeneo
671 1720 717 1740 aut
735 1709 829 1740 ferreo
843 1709 987 1751 stagnavit.
1006 1706 1158 1738 Mineralia
1174 1709 1204 1736 in
1229 1717 1309 1738 terrae

83 1752 169 1780 antris
181 1749 582 1792 profiindioribuscontenta,
601 1763 647 1783 aut
671 1764 751 1784 terrae
776 1752 837 1783 sunt
852 1775 861 1787 ‚
893 1763 938 1783 aut
959 1751 1031 1782 succi
1048 1773 1058 1786 ‚
1079 1761 1125 1781 aut
1148 1749 1217 1780 sales
1231 1771 1242 1784 ‚
1264 1761 1309 1781 aut

82 1789 216 1833 lapides,
239 1805 285 1825 aut
308 1794 460 1826 marcafitae
483 1818 493 1831 ,
519 1807 565 1827 aut
589 1795 704 1828 metalla
725 1819 735 1832 ,
762 1806 884 1838 cumque
909 1797 1013 1826 horum
1033 1797 1168 1825 omnium
1186 1793 1310 1824 incredi-

84 1832 150 1865 bilis
172 1837 301 1877 quaedam
325 1838 357 1870 fir
376 1841 513 1876 varietas,
534 1843 582 1870 vix
606 1840 711 1882 species
729 1851 827 1871 earum
843 1837 1057 1882 impressionum
1083 1835 1203 1868 definire
1220 1836 1306 1871 lieet3

82 1876 152 1908 cum
182 1882 339 1912 innumeris
361 1893 433 1925 pene
450 1882 545 1913 modis
571 1884 683 1915 misceri
712 1881 828 1927 possint.
849 1884 933 1926 Aqua
956 1894 1018 1925 quae
1038 1881 1122 1912 instar
1144 1884 1307 1911 communis

82 1924 207 1952 materiae
223 1924 358 1955 omnibus
386 1928 485 1956 mixtis
508 1925 691 1958 substernitur
710 1949 719 1963 ‚
755 1925 839 1957 facile
856 1929 960 1969 excipit
983 1937 1042 1957 tum
1074 1924 1282 1955 elementorum
1296 1945 1305 1958 ‚

82 1975 145 1996 tum
172 1964 309 1997 foffilium
332 1970 468 2000 tinc‘turas
495 1973 525 2001 ὅ(
551 1969 722 2013 qualitates3
745 1969 937 2011 quorumdam
962 1967 1115 2012 vaporibus
1144 1966 1281 1998 imbuitur
1296 1988 1305 2001 ›

81 2007 203 2039 aliorum
225 2009 320 2040 succos
332 2011 433 2047 diluit,
455 2016 486 2044 ὅ(
500 2013 648 2056 particulas
669 2012 810 2048 exsolvit,
824 2025 946 2057 quorum
966 2011 1118 2056 spiritales,
1137 2022 1166 2040 ut
1186 2010 1305 2051 loquun-

83 2062 128 2082 tur
147 2053 285 2094 Chymici
297 2079 305 2089 ,
325 2056 461 2086 tinsturas
479 2056 597 2091 delibat.
616 2060 690 2099 Qa·
713 2061 812 2089 omnia
827 2068 861 2087 ex
883 2068 1011 2088 accurato
1028 2065 1162 2098 ¹iquarum
1178 2056 1305 2084 examine

84 2097 255 2138 conjecturis
275 2095 380 2140 assequi
407 2097 492 2136 licet,
511 2103 559 2132 vix
578 2101 722 2146 perspecta
740 2100 839 2132 habeti
853 2100 976 2144 possunt.
