1638 2345
318 105 332 132 8
582 103 754 134 REGIAE
791 102 1194 134 SCIENTIARUM

201 150 287 178 Ass.
313 143 357 175 vel
377 147 519 187 puriorem
532 167 542 181 ,
566 146 612 176 vel
638 145 762 185 Phyiicae
781 145 926 176 admistam
945 149 1051 187 majore
1071 145 1162 175 studio
1184 149 1214 176 ὃ(
1232 145 1320 175 animi
1342 146 1529 176 contentione

200 193 281 223 1665.
313 187 473 223 coluerint,
487 190 573 231 quam
600 200 664 219 aetas
679 187 728 219 illa
751 191 860 230 magnis
884 191 1004 230 ingeniis
1024 187 1110 219 ferax.
1137 189 1215 218 Tum
1234 190 1311 217 enim
1332 189 1361 216 in
1385 187 1465 218 Italia
1481 187 1531 217 ad-

312 230 368 261 huc
383 233 412 261 in
431 234 504 262 vivis
521 243 578 262 erat
592 231 708 272 insignis
733 230 781 262 ille
806 232 1029 262 Mathematicus
1055 234 1084 261 δέ
1107 230 1298 274 Philosophus
1320 229 1455 260 Galilccus
1471 231 1531 260 Ga-

312 272 380 303 lilati
404 296 413 308 ‚
438 277 487 315 qui
509 273 590 304 brevi
607 275 668 317 post
694 285 822 317 tempore
841 274 917 304 diem
934 273 1013 304 suum
1038 273 1132 308 obiit3
1156 285 1215 304 tum
1235 276 1294 312 ejus
1318 271 1461 303 Successor
1477 271 1532 302 flo-

312 316 391 347 rebat
417 316 593 347 Torticcllus
608 336 616 350 ‚
634 327 664 348 ut
678 327 785 347 taceam
801 317 836 347 de
855 315 1040 351 cavallum,
1057 316 1156 346 Cabeo
1172 339 1181 351 ‚
1209 317 1364 346 Scheineto
1377 337 1386 350 ,
1415 319 1443 345 ἔνι
1470 315 1532 346 aliis

312 357 385 389 bene
402 358 509 390 multis.
523 362 556 389 In
569 358 663 389 Gallia
677 371 777 401 praetet
790 371 837 390 eos
848 370 919 402 quos
932 358 1072 402 appellavi
1090 358 1230 390 fluebant
1243 357 1396 392 Cattesius,
1414 356 1533 388 Gaffen-

312 401 364 432 dus
377 424 385 437 ‚
409 404 519 432 Fctmat
536 404 656 432 Senator
677 402 859 433 Tholosanus
875 425 882 437 ‚
900 403 1004 433 Bachet
1017 425 1026 437 ,
1047 402 1204 443 Desatgues
1217 424 1224 437 ‚
1239 405 1268 432 ὅ(
1292 404 1320 431 in
1345 401 1447 443 Anglii
1460 411 1534 444 prae-

314 455 355 475 ter
376 443 497 486 insignes
522 447 707 480 Geometras,
733 456 763 476 ut
785 447 928 476 Batonem
956 446 1054 487 Nepet
1075 448 1123 487 qui
1141 445 1342 486 Logarithmos
1360 448 1467 486 primus
1489 447 1534 474 in·

313 491 392 518 venit
412 487 533 522 ,codem
552 487 608 517 fere
630 499 758 530 tempore
783 487 956 518 Guillclmus
979 489 1117 518 Hatvaeus
1137 488 1224 529 Regis
1250 486 1361 528 Angliae
1372 487 1532 521 Archiater,

313 533 363 571 qui
383 530 522 570 sanguinis
538 533 688 560 circuitum
711 533 818 573 primus
833 533 963 560 omnium
978 555 986 568 ,
1001 530 1046 561 vel
1061 533 1252 571 excogitavit,
1268 530 1314 559 vel
1336 528 1426 560 firmis
1442 532 1471 559 δι
1487 532 1533 558 in-

312 572 452 602 coneuffis
472 572 628 603 rationibus
651 571 685 602 fi:
710 574 932 608 demonstravit,
957 584 987 604 ut
1005 574 1054 614 qui
1072 574 1212 603 consecuti
1231 572 1294 602 sunt
1318 574 1365 602 vix
1380 575 1534 614 quicquam

313 614 475 646 addiderint
490 638 498 650 ‚
515 626 575 646 tum
597 618 737 646 eximium
756 615 792 646 de
816 615 981 646 animalium
1002 618 1183 656 generatione
1197 613 1328 645 libellum
1340 615 1428 645 edidit
1440 617 1470 645 in
1489 614 1534 645 lu-

314 668 386 690 cem.
412 659 486 688 Tam
511 657 643 701 praeclata
667 661 783 688 inventa
802 661 948 701 peritiores
969 657 1074 700 ubique
1100 657 1158 688 fere
1174 661 1333 689 cxcitatum
1353 657 1486 688 Mtdicos
1505 669 1536 688 ut

314 711 465 731 anatomen
484 703 567 731 novis
584 700 830 732 observationibus
853 700 1034 732 illustrarent.
1056 703 1140 731 Brevi
1160 702 1220 744 post
1240 712 1368 743 tempore
1386 703 1414 730 in
1439 698 1533 731 Gallia

316 743 357 773 D.
376 745 661 786 Pccquetcommune
671 742 762 784 Chyli
783 743 992 786 receptaculum
1013 746 1043 774 δι
1063 743 1189 774 canalem
1203 744 1399 773 Thoracicum
1413 742 1534 774 feliciter

314 784 430 817 detexit.
449 789 483 816 In
500 787 595 817 Dania
607 786 738 817 Thomas
757 786 940 817 Bartholinus
955 785 1017 816 vasa
1036 785 1209 830 lymphatica
1224 809 1233 821 ‚
1259 787 1456 817 Vvarthonius
1470 788 1534 816 An-

313 828 378 870 glus
399 829 537 872 quosdam
553 829 655 860 ductus
680 828 827 868 salivales,
844 841 916 872 quos
937 832 1025 860 steno
1039 829 1131 859 adhuc
1150 832 1260 869 juvenis
1291 832 1447 859 innumeris
1472 828 1536 860 aliis

314 872 410 914 postea
427 871 607 915 deprehensis
630 871 789 902 accuratius
820 873 959 915 exposuit.
986 873 1106 903 Omitto
1125 872 1179 902 alia
1204 871 1415 915 quamplurima
1435 898 1444 908 ,
1471 883 1534 916 quae

315 913 417 945 clariis.
435 914 591 946 Marcellus
609 914 789 957 Malpighius
809 918 859 957 qui
877 926 964 958 nuper
977 914 994 944 ό
1013 917 1087 946 vivis
1104 913 1236 950 excessit,
1255 925 1319 945 cum
1336 913 1400 945 esset
1423 916 1536 946 Summi

315 956 467 989 Pontificis
487 960 588 988 Innoc.
609 960 696 990 X11.
718 958 889 993 Archiater,
914 961 944 988 in
968 969 1086 989 omento
1100 980 1109 993 ‚
1130 957 1215 988 corde
1230 980 1240 993 ‚
1266 956 1382 988 cerebro
1401 957 1536 998 observa-

315 1002 357 1030 vit
376 1011 494 1042 quaeqve
517 1000 677 1031 universam
690 1000 826 1031 medendi
844 1011 932 1031 artem
956 1011 1014 1030 non
1033 1000 1216 1031 mediocriter
1234 1011 1382 1031 auxerunt.

348 1045 376 1073 X
390 1046 412 1074 Ι.
432 1045 474 1073 Ex
489 1042 592 1086 Anglis
605 1042 730 1074 maxime
741 1046 790 1085 qui
800 1054 856 1086 pra:
873 1046 982 1073 caeteris
1002 1045 1030 1073 in
1043 1042 1126 1074 rebus
1147 1046 1314 1074 anatomicis
1332 1042 1534 1079 elaborarunt,

315 1085 394 1128 quod
411 1089 496 1129 primi
515 1089 648 1116 omnium
672 1085 813 1128 sanguinis
839 1085 1054 1116 circulationem
1075 1083 1239 1129 reperissent
1259 1108 1269 1120 ‚
1296 1087 1412 1130 quidam
1445 1097 1534 1118 certas

314 1132 442 1172 corporis
459 1140 549 1172 partes
571 1128 727 1160 accuratius
748 1129 950 1159 examinandas
977 1128 1154 1171 susceperunt
1171 1153 1180 1163 .
1197 1139 1227 1160 ut
1250 1129 1448 1159 Vvarthonius
1468 1140 1535 1161 cor.

315 1175 391 1213 poris
406 1171 554 1213 glandulas
571 1193 581 1207 ‚
603 1170 759 1202 Gliffonius
772 1175 850 1213 jecur
866 1196 874 1207 ‚
887 1170 992 1202 Vvillis
1005 1171 1152 1202 cerebrum
1171 1174 1201 1202 ὃς
1221 1183 1324 1202 nervos
1338 1194 1347 1207 ,
1362 1174 1475 1203 Lovver
1485 1184 1536 1207 cot

315 1214 408 1256 ipsum
427 1219 457 1246 δε
480 1214 556 1245 illius
579 1225 710 1249 motum,
733 1225 764 1244 ac
779 1216 861 1244 novis
883 1213 1001 1245 subinde
1020 1218 1142 1246 inventis
1168 1215 1239 1244 hanc
1263 1214 1406 1245 scientiam
1425 1214 1462 1246 fic
1490 1215 1536 1247 lo-

314 1257 508 1300 cupletarunt,
527 1268 557 1288 ut
574 1259 727 1287 Anatomia
736 1268 769 1287 ex
784 1268 839 1299 qua
853 1257 987 1288 medendi
997 1255 1109 1288 scientia
1121 1268 1191 1300 pene
1205 1256 1334 1288 universa
1348 1258 1466 1300 pendet,
1477 1270 1535 1290 ma-

315 1303 377 1341 jora
395 1312 455 1331 tum
485 1302 591 1343 ceperit
612 1303 786 1331 incrementa
801 1321 810 1334 ‚
837 1300 924 1341 quam
944 1311 1070 1343 unquam
1093 1311 1172 1331 antea
1196 1313 1202 1330 ε
1223 1300 1293 1331 adeo
1318 1304 1390 1330 inter
1409 1302 1537 1334 eruditos

315 1342 391 1374 valet
404 1342 567 1379 aemulatio,
591 1354 622 1374 ut
644 1346 673 1373 in
698 1343 888 1387 provehendis
908 1342 1014 1374 artibus
1044 1346 1074 1374 δε
1101 1342 1259 1386 disciplinis
1290 1342 1369 1374 nulla
1396 1355 1439 1374 res
1470 1345 1536 1388 plus

316 1385 415 1429 poffit.

355 1431 442 1460 XII.
475 1429 534 1461 Sub
554 1428 642 1460 finem
653 1429 860 1462 dominationis
879 1429 1004 1462 Olivarii
1025 1429 1185 1460 Cromvelii
1202 1429 1363 1473 complures
1382 1432 1436 1460 viri
1451 1430 1537 1461 nobi-

317 1470 357 1502 les
368 1472 471 1514 quibus
493 1477 523 1504 &
550 1474 592 1503 ha:
613 1472 769 1516 disciplinae
789 1473 870 1504 cordi
893 1484 994 1508 erant,
1016 1475 1122 1514 quique
1139 1484 1241 1514 magna
1262 1485 1294 1502 ex
1312 1484 1388 1515 parte
1411 1472 1537 1504 Galliam

319 1517 349 1544 &
367 1515 478 1546 Italiam
493 1527 690 1558 peragratam,
715 1527 801 1558 atque
815 1515 999 1548 Eruditorum
1018 1518 1105 1546 coetui
1126 1518 1199 1559 apud
1220 1516 1261 1547 D.
1275 1517 1315 1546 D.
1333 1517 1487 1546 Monmorr
1506 1521 1538 1549 δε

318 1558 473 1589 Thevenot
493 1560 699 1594 interfuerant,
726 1561 838 1590 Oxonii
863 1558 919 1589 una
941 1569 1158 1594 convenerunt,
1184 1562 1233 1600 qui
1253 1558 1287 1588 de
1306 1559 1388 1589 rebus
1415 1557 1536 1600 physicis

316 1601 391 1630 inter
414 1601 439 1631 se
453 1602 679 1640 conferrent,&
705 1605 782 1633 vatia
807 1601 929 1632 facerent
950 1605 1153 1644 experimenta.
1178 1603 1369 1643 Praetetquam
1389 1604 1465 1631 enim
1491 1614 1538 1633 ea-

317 1653 379 1672 rum
393 1643 605 1686 disciplinatum
621 1655 690 1686 quas
704 1647 732 1674 in
753 1644 812 1675 dies
833 1643 970 1688 perpoliri
989 1644 1142 1675 cernebant
1156 1667 1165 1680 ,
1186 1644 1278 1675 studio
1299 1643 1467 1675 tenebantur
1479 1667 1487 1680 ,
1502 1645 1539 1675 il-

317 1683 367 1716 lud
381 1697 495 1728 quoque
519 1687 565 1718 vcl
587 1690 742 1717 maximum
759 1687 928 1722 accedebat,
950 1687 1027 1728 quod
1049 1687 1178 1730 legitimo
1192 1688 1239 1718 suo
1264 1688 1338 1729 Regi
1360 1686 1464 1717 addicti
1483 1690 1538 1718 mi-

317 1739 368 1758 nus
388 1740 482 1760 tutum
499 1732 532 1760 iis
553 1729 695 1761 videretur
714 1730 794 1762 domi
818 1730 870 1761 suae
890 1734 1000 1772 quietos
1016 1741 1096 1772 agere
1108 1753 1116 1766 ‚
1134 1730 1208 1772 quasi
1224 1729 1353 1773 praesenti
1372 1740 1465 1760 retum
1484 1731 1537 1761 sta-

316 1781 347 1801 tu
370 1775 464 1803 minus
485 1775 612 1803 contenti
629 1784 823 1815 opportunum
850 1783 961 1816 tempus
975 1776 1086 1813 tyranni
1104 1777 1202 1815 jugum
1224 1772 1386 1803 excutiendi
1404 1775 1537 1815 expecta-

317 1825 389 1846 tent.
417 1817 455 1845 Ea
474 1819 582 1846 ratione
595 1818 685 1846 minui
705 1814 781 1859 posse
800 1815 986 1859 periculosam
1011 1816 1178 1847 Cromvelis
1200 1816 1235 1847 de
1257 1815 1282 1846 se
1300 1814 1498 1858 suspicionem,
1517 1815 1536 1847 si

316 1857 360 1887 his
384 1858 479 1888 studiis
499 1857 524 1888 se
547 1858 682 1888 dederent
694 1881 703 1893 ,
731 1869 793 1900 quat
811 1858 1046 1900 tranquillitatem
1060 1862 1147 1889 animi
1160 1871 1189 1889 ac
1200 1859 1374 1889 securitatem
1385 1859 1538 1901 postulant.

348 1903 433 1931 X111.
453 1902 520 1931 Hoc
538 1912 639 1942 genere
657 1904 867 1932 exercitationis
888 1901 1021 1932 delectati
1039 1904 1068 1931 in
1081 1914 1116 1932 eo
1137 1902 1347 1944 permansciunt
1363 1924 1371 1937 ‚
1393 1912 1422 1931 ac
1437 1903 1536 1932 Socie-

315 1954 356 1973 tas
372 1955 472 1974 eorum
492 1944 626 1985 paulatim
643 1945 723 1974 aucta
743 1945 800 1980 est,
819 1944 888 1975 dum
913 1943 961 1974 snb
979 1945 1088 1975 Carolo
1113 1947 1159 1975 11.
1176 1958 1211 1975 in⁴
1223 1957 1283 1988 gna*
1302 1947 1453 1975 Britannia:
1471 1946 1536 1975 Re-

313 1997 347 2027 ge
362 1997 465 2028 ,quem
478 1998 573 2017 earnm
594 1986 807 2030 disciplinarum
829 1986 950 2018 studium
964 1990 1103 2029 imprimis
1120 1987 1281 2018 oblestibat
1294 2012 1302 2023 ‚
1324 1992 1351 2018 in
1367 1999 1454 2017 unum
1470 1999 1534 2018 cor-

313 2040 365 2070 pus
391 2029 516 2060 Londini
534 2033 676 2061 coierunt.
696 2033 783 2061 Tunc
808 2034 885 2061 enim
914 2033 989 2071 regia
1010 2032 1133 2061 Societas
1161 2031 1317 2074 Anglicana
1338 2032 1425 2073 Regis
1449 2029 1534 2073 ipsius

312 2075 463 2103 autoritate
482 2071 535 2104 fuit
559 2074 732 2109 constituta,
754 2078 785 2105 ὅ(
810 2072 864 2105 suis
889 2073 1046 2117 privilegiis
1068 2075 1211 2108 instree‘ta,
1464 2115 1482 2159 J

1486 2127 1530 2147 am
