1638 2345
258 62 553 94 ACADEMIAE
592 62 879 94 HISTORIA.
917 63 1006 93 Lrn.
1037 65 1110 95 111.
1239 75 1255 95 2

76 106 181 138 stabant
194 128 203 141 ,
223 117 347 137 extrema
371 117 451 136 erant.
471 106 555 136 instar
582 104 709 148 lapidum
733 108 782 137 ovi
806 104 927 135 anserini
946 107 1143 146 magnitudine
1158 129 1167 142 ‚
1191 108 1239 149 qui
1259 74 1297 136 sas-
1319 106 1416 150 Physi-

75 151 156 193 pides
175 151 256 180 instar
280 149 408 191 chalybis
421 160 499 180 erant
512 146 573 178 tersi
591 170 600 183 ‚
622 159 688 178 caio
709 147 866 179 admodum
882 147 968 178 rubra
981 170 990 182 ,
1004 159 1121 189 quaeque
1144 149 1214 179 adeo
1228 149 1299 179 mos-
1318 161 1359 181 ca.

76 193 163 223 chum
184 192 299 228 olebat,
316 203 345 222 ut
361 204 422 223 eam
435 191 543 234 gustare
568 202 625 221 non
649 196 802 232 potuerint.
821 190 949 221 Barbaris
968 191 1036 221 sono
1054 190 1207 222 fistularum
1223 196 1303 224 terri-

75 237 110 265 tis
136 239 164 266 &
187 238 215 265 in
241 235 337 278 fugam
362 234 445 266 vexfis
466 235 567 264 mulier
591 233 720 275 quaedam
742 246 775 264 ex
798 237 832 265 iis
853 244 932 276 capta
953 234 991 263 est
1011 246 1097 277 quam
1122 235 1162 264 D.
1188 235 1306 266 Theve-

76 289 127 309 not
149 279 240 314 vidit,
259 289 377 320 quaeque
397 288 456 308 erat
477 280 605 321 corporis
624 276 721 307 habitu
739 276 824 308 firmo
847 280 876 308 δι
899 277 975 319 justae
993 277 1221 319 magnitudini5‚
1241 289 1307 310 cru,

75 321 155 352 ribus
179 321 262 352 soluo
280 320 467 352 milioribus.

111 367 159 395 11.
185 365 268 395 Circa
283 367 359 396 idem
386 375 497 406 tempus
511 363 658 407 quoddam
679 362 799 393 sacchari
820 374 908 405 genus
930 361 1059 394 exhibuit
1083 365 1125 395 D.
1151 363 1306 396 Marchant

76 418 110 438 ex
132 419 203 450 aqua
227 406 321 449 palato
337 405 491 450 gratissima
516 409 684 437 (xtrac‘tum.
708 407 787 436 Nam
802 405 929 436 exhalata
942 418 1011 450 aqua
1033 406 1109 438 velut
1121 410 1232 448 gummi
1248 407 1307 438 sac-

75 451 185 481 charini
205 450 310 492 saporis
336 455 364 480 in
390 449 481 482 fundo
502 449 626 481 subsidit.
645 451 715 480 Haec
737 460 809 492 aqua
834 460 867 479 ex
892 450 983 479 Accre
1011 461 1037 481 v.
1056 450 1157 480 Emble
1175 453 1202 480 in
1219 450 1305 482 horto

78 493 176 536 Regio
199 496 273 524 veris
290 504 418 537 tempore
445 504 494 533 per
520 491 688 524 incisionem
718 493 818 524 edum
839 491 928 523 fuerat
948 504 957 527 ·‚
979 502 1075 523 utrum
1095 505 1127 524 ea
1152 496 1182 524 vi
1200 504 1305 536 purga.-

75 538 145 567 trice
166 536 305 573 donetur,
331 539 453 579 experiri
476 535 550 567 licet.

115 581 184 610 111.
217 579 293 611 Illud
315 579 394 622 quod
425 591 458 610 ex
477 577 623 610 occasione
647 577 768 622 quadam
785 600 794 613 ‚
817 589 882 608 cum
904 576 940 607 de
956 588 1135 609 verrucarum
1157 582 1305 610 curatione

78 622 170 652 sermo
194 622 362 659 haberetur,
380 624 420 653 D.
437 622 593 653 Bourdelin
618 633 678 652 turn
698 621 848 651 admonuit
861 631 923 658 ,eas
942 619 1031 651 sanari
1050 621 1105 651 levi
1127 622 1202 651 tac'tu
1221 621 1305 664 spiri.

77 675 121 696 tus
142 664 248 696 vitrioli
272 665 314 696 bis
334 669 363 697 in
387 665 433 696 die
455 665 529 695 facto
544 687 553 700 ,
576 664 689 695 succum
707 663 859 706 portulacae
883 662 948 693 huic
963 666 1002 693 rti
1025 666 1125 705 optim
1141 675 1170 694 m
1192 664 1246 694 effe
1258 677 1306 696 re-

79 708 206 739 medium
221 720 272 739 nos
296 710 394 740 docuit
412 710 453 739 D.
476 707 614 738 Perrault.
636 707 750 738 Horum
773 705 927 749 periculum
945 704 1037 736 ficere
1061 717 1146 747 grave
1167 718 1226 737 non
1241 711 1304 739 erit.

78 752 126 781 Sic
147 753 316 793 punstiones
337 761 433 795 apum*
453 750 588 782 adhibitis
610 750 681 780 lauri
701 749 781 780 foliis
803 746 924 779 contusis·
941 748 1033 778 statim
1052 748 1142 778 sanati
1166 747 1306 791 subjecit3

77 793 190 824 easdem
219 798 311 826 curari
338 795 454 838 pulvere
473 805 564 824 cornu
588 794 758 835 Rupicapra:
778 803 807 822 v.
829 791 956 821 Chamois
976 790 1086 821 affetuit
1112 792 1152 821 D.
1169 791 1307 828 Blondel,

78 848 199 882 eumque
220 837 369 881 puliierem
394 840 537 881 optimum
558 834 611 867 ess'e
627 836 897 878 alexipharmacum.
913 836 959 864 Sic
984 834 1024 864 D.
1049 834 1203 865 Thevenot
1221 836 1307 867 nobis

78 884 219 912 enarravit
241 881 312 912 duos
335 882 465 912 homines
489 892 554 911 cum
573 879 771 923 Euphorbium
794 877 1001 920 degustafl'cnt,
1024 882 1054 910 &
1080 876 1199 921 pcffime
1217 878 1243 908 se
1261 880 1308 910 ha-

79 921 178 954 berent
193 946 203 960 ,
227 923 339 968 sumpto
355 923 424 955 rnali
440 926 519 954 citrei
534 925 615 954 succo
636 923 746 952 sanatos
762 919 852 953 fuisse.

132 968 194 997 1v.
219 969 265 998 De
281 968 398 998 Inieffis
418 970 491 997 intra
511 965 675 996 durissimos
689 965 796 1008 lapides
810 962 946 994 conclufis
960 966 1017 1005 jam
1033 962 1113 1007 supra
1128 966 1308 995 mentionem

80 1006 209 1044 fecimus,
233 1009 281 1040 Ab
294 1009 393 1042 illustri
411 1012 473 1040 viro
481 1011 530 1050 qui
547 1006 801 1050 Constantinopoli
823 1009 942 1049 Legatos
960 1017 1071 1048 egerat,
1087 1006 1112 1035 se
1126 1006 1258 1050 accepisse
1271 1010 1309 1038 ait

81 1052 122 1084 D.
151 1051 261 1084 Caffini
298 1052 374 1096 plura
411 1051 583 1082 animalcula
602 1074 612 1087 ,
635 1062 698 1093 quae
722 1049 866 1091 Dastylos
892 1059 1017 1084 vocant,
1052 1052 1080 1079 in
1101 1048 1170 1079 saxis
1196 1050 1309 1093 praedu-

79 1097 119 1125 ris
134 1099 250 1139 reperiri
266 1112 274 1134 ·,
287 1096 302 1126 ὲ
318 1095 395 1127 mola
409 1096 518 1139 pistrini
537 1096 568 1124 in
579 1105 655 1125 mare
669 1093 798 1125 demersa
815 1115 824 1128 ‚
845 1104 906 1124 turn
925 1091 1012 1122 fracta
1026 1092 1108 1133 hujus
1121 1096 1231 1135 generis
1244 1096 1309 1123 ani-

80 1138 203 1170 malcula
226 1138 342 1183 prodire
361 1152 369 1171 ι
389 1151 420 1169 ea
440 1149 545 1169 venum
572 1138 696 1180 prostare
715 1136 837 1167 Telonis
863 1136 903 1166 D.
929 1133 1053 1166 Blondel
1079 1138 1138 1177 jam
1161 1146 1225 1166 ante
1243 1146 1309 1166 mo-

81 1192 189 1212 nuerat.

128 1223 318 1255 Duriffimum
329 1223 454 1266 lapidem
465 1227 492 1254 in
503 1235 570 1267 agro
585 1220 754 1254 Carnutensi
769 1223 870 1271 reperit
881 1222 921 1254 D.
936 1221 983 1251 De
998 1220 1023 1252 la
1036 1222 1108 1251 Hire
1120 1232 1208 1263 prope
1218 1222 1310 1253 Cana-

81 1265 140 1297 lem
151 1271 198 1309 qui
210 1269 360 1309 tumRtgis
370 1266 440 1308 jussu
450 1267 622 1298 fodiebatur.
634 1267 722 1296 Hunc
738 1265 819 1296 fuisse
831 1264 936 1309 piscem
947 1275 1033 1306 quern
1045 1264 1214 1295 castaneum
1225 1269 1310 1296 maris

82 1322 202 1346 vocant,
224 1311 270 1341 scu
281 1311 424 1340 Echinum
445 1313 609 1344 marinum,
631 1319 712 1351 atque
735 1311 795 1350 ejus
807 1309 947 1339 concham
964 1308 1035 1338 limo
1056 1307 1210 1338 obductam
1231 1307 1311 1339 fuisse

82 1352 233 1384 verisimile
250 1355 298 1384 est.
316 1356 364 1384 Sic
387 1353 466 1395 plura
485 1351 627 1383 conchilia
647 1353 677 1381 in
699 1353 763 1382 vico
786 1352 836 1394 bij
862 1363 950 1394 prope
972 1350 1142 1382 Lutetiam5
1162 1351 1203 1382 D.
1227 1352 1312 1382 The-

83 1407 172 1426 vcnot
196 1408 303 1440 reperta
322 1399 379 1436 jam
407 1398 562 1429 innuimus
580 1399 609 1426 8<
637 1397 758 1434 majores
771 1395 912 1432 conchas,
932 1393 1028 1436 quales
1050 1393 1086 1423 ad
1119 1395 1189 1423 Divi
1207 1393 1311 1436 jacobi

83 1449 236 1470 occurrunt
264 1442 292 1470 in
312 1441 363 1469 sua:
384 1437 514 1469 Abbatia:
539 1449 606 1481 agro
622 1439 732 1469 invenit
761 1437 803 1468 D.
824 1436 953 1479 Galloys.
971 1439 1044 1478 Qae
1061 1447 1154 1467 tamen
1168 1435 1229 1467 loca
1241 1448 1311 1481 pro-

83 1482 128 1512 cul
152 1483 168 1511 ὲ
184 1485 256 1513 mari
280 1481 341 1512 sunt
357 1480 459 1512 diffira.

134 1528 172 1556 V.
193 1527 270 1556 Cum
291 1524 337 1556 alii
364 1536 397 1556 ex
421 1524 483 1555 aliis
498 1546 507 1559 ‚
529 1535 559 1555 ut
582 1523 652 1566 saepe
674 1521 707 1554 fir
731 1544 739 1557 ‚
763 1522 904 1554 sermones
923 1521 958 1552 de
983 1520 1067 1552 rebus
1094 1521 1220 1563 Phyficis
1239 1522 1312 1554 sere-

85 1578 199 1600 rentur:
223 1567 370 1610 quaefitum
394 1568 432 1598 est
456 1579 505 1597 cur
526 1567 541 1597 ὲ
562 1576 705 1597 tormento
728 1564 834 1596 bellico
857 1565 917 1608 plus
939 1565 1003 1596 satis
1033 1565 1218 1596 incalescente
1250 1577 1312 1610 pars

85 1611 211 1653 pulveris
235 1613 313 1653 Pyrii
328 1622 386 1641 non
403 1610 582 1642 inflammata
598 1619 735 1650 erumpat.
764 1610 805 1640 D.
822 1607 944 1640 Blondel
961 1609 1044 1649 hujus
1058 1607 1176 1639 effetstus
1191 1620 1252 1639 eam
1270 1621 1312 1641 at-

87 1654 151 1685 tulit
167 1654 278 1685 causam
290 1678 300 1690 ‚
315 1654 391 1696 quod
408 1654 524 1684 flamma
541 1652 625 1684 citius
642 1653 728 1694 quam
745 1663 794 1694 par
811 1652 843 1684 sir
856 1675 864 1687 ,
876 1654 1062 1694 concipiatur.
1076 1653 1114 1681 Di
1134 1653 1180 1681 De
1196 1651 1220 1681 1.]
1240 1654 1323 1683 Hiie‘

87 1696 118 1727 id
139 1696 256 1737 subjecit
269 1723 277 1734 ,
300 1697 447 1740 pulverem
462 1699 511 1741 qui
526 1695 660 1728 lareribus
678 1698 815 1726 tormenti
837 1696 961 1727 adhaeret
977 1717 987 1730 ‚
1003 1694 1122 1726 celerius
1138 1693 1313 1727 itiflarniiiati

87 1750 173 1782 quam
195 1752 284 1783 partes
306 1743 464 1771 interiores.

122 1785 148 1812 V
162 1784 185 1814 1.
215 1784 272 1814 Die
288 1784 439 1815 undecima
455 1782 526 1825 julii
543 1784 584 1813 D.
599 1781 687 1813 Rolle
711 1784 785 1812 inter
804 1780 994 1813 Academicos
1013 1780 1067 1811 fuit
1079 1792 1255 1824 aggregatus.
1273 1783 1313 1812 D.

91 1824 138 1855 De
160 1825 186 1855 la
207 1827 337 1857 Monstre
359 1826 562 1858 animalculum
577 1824 705 1856 exhibuit
730 1825 747 1856 ὲ
768 1824 827 1855 sinu
843 1823 1000 1855 Mexicenfi
1014 1824 1207 1868 aspoitatum,
1234 1827 1314 1855 Sciu-

88 1878 158 1898 rum
180 1867 326 1900 volantem
345 1881 382 1901 un
404 1870 518 1900 &cureuil
537 1868 681 1912 appellant
698 1867 795 1911 3pclle
814 1867 851 1899 ab
867 1866 1056 1899 anterioribus
1069 1867 1198 1898 cruribus
1209 1867 1244 1897 ad
1262 1878 1314 1908 po-

89 1911 204 1941 steriora
227 1912 355 1954 protensa
373 1912 514 1947 donatur,
541 1923 603 1956 quae
625 1922 678 1942 tres
700 1922 770 1954 pene
791 1910 896 1954 digitos
910 1922 995 1955 paret.
1019 1912 1115 1952 Hujus
1129 1922 1184 1953 ope
1208 1909 1225 1938 ὲ
1249 1908 1315 1940 loco

89 1953 229 1996 superiori
241 1954 275 1984 ad
298 1954 463 1985 inferiorem
475 1954 600 1987 volando
623 1954 650 1985 se
676 1953 813 1988 d‹m·ttit.

123 2000 149 2027 V
162 1999 171 2026 1
186 1999 208 2026 1.
237 1998 323 2028 Circa
334 1998 453 2039 junium
467 1999 595 2029 mensem
610 2000 684 2040 ignis
699 1997 715 2027 ὲ
736 2008 811 2029 terra
829 1999 922 2040 erupit
935 1998 965 2027 in
983 1995 1154 2040 quibusdam
1175 1996 1247 2026 vicis
1259 2005 1316 2025 tra-

87 2041 154 2071 stus
176 2038 401 2073 Eburovicensis.
433 2041 525 2085 quue
555 2042 628 2074 mihi
654 2051 721 2072 mm
748 2043 804 2073 iter
827 2040 949 2073 facerem
976 2051 1028 2082 pet
1056 2051 1089 2068 ea
1113 2038 1177 2069 loca
1201 2036 1316 2073 confir<

1064 2083 1156 2123 Ggij
