1638 2345
305 141 363 172 334
599 125 778 157 REGIAE
817 123 1218 158 SCIENTIARUM

192 174 280 204 Anu.
301 179 428 204 «limatur
454 182 464 206 ;
495 171 644 212 interjedxt
666 167 736 198 verb
765 165 824 198 alas
842 179 953 199 vocant.
983 167 1070 199 Calix
1089 169 1172 200 instar
1192 171 1286 213 poculi
1309 181 1356 202 aut
1377 171 1516 201 corniculi
1533 192 1543 206 ,

196 223 285 257 1694.
302 229 360 261 quo
384 215 488 246 tesseris
509 213 609 245 ludere
631 210 743 247 solent,
764 210 901 254 paulatim
919 210 1052 243 dilatatur
1067 234 1074 246 ,
1096 223 1130 243 ex
1151 213 1229 244 illius
1250 212 1340 244 fundo
1359 214 1479 258 pistillus
1500 214 1544 245 as.

305 263 392 303 lurgit
410 261 514 302 vagina
534 256 677 288 fimbriata
696 254 845 287 conclusus
860 278 869 290 ‚
888 258 937 298 qui
953 261 981 287 in
1001 256 1127 287 frustum
1144 256 1203 288 abit
1220 280 1229 293 ,
1253 260 1283 288 &
1308 255 1409 301 siliqua
1433 261 1544 289 vocita-

303 316 336 335 ur
360 317 367 335 :
390 306 422 334 in
445 301 511 345 pilis
533 304 564 332 δε
589 299 662 331 fabis
685 297 770 330 flores
793 301 831 329 ita
853 297 915 330 sunt
933 301 1122 331 conformati.

737 437 985 478 CAPUT
1036 439 1108 477 IV.

641 525 733 561 Idem
760 535 976 574 argumentum
1005 527 1215 565 continuatur.

305 614 328 642 1.
364 611 439 687 IN
465 615 547 644 tertia
585 622 663 656 parte
687 612 728 644 sui
758 616 851 656 operis
883 615 923 646 D.
942 613 1122 644 Tournefott
1145 612 1267 656 singulas
1290 612 1453 656 plantarum
1484 608 1545 653 spe-

411 658 468 686 cies
489 658 520 686 in
541 655 587 686 sua
598 667 702 698 genera
716 679 726 692 ,
747 659 778 687 ξς
796 657 856 686 haec
869 660 897 688 in
915 655 1011 687 claffcs
1031 668 1062 687 ea
1083 658 1223 688 methodo
1247 655 1391 687 distribuit
1406 677 1415 690 ,
1440 664 1471 684 ut
1490 653 1549 684 dis-

304 699 434 731 centibus
447 710 572 742 pronum
583 699 685 730 sternat
701 702 753 730 iter
765 699 800 730 ad
818 700 900 742 hujus
913 701 1033 732 scientiae
1043 700 1137 741 adyta.
1160 699 1384 731 vocabularium
1405 700 1433 728 in
1449 707 1550 727 corum

304 742 387 774 usum
405 741 454 773 sub
474 741 563 773 finem
583 745 669 785 primi
684 742 841 774 voluminis
863 747 981 774 attexuit
1001 766 1010 780 ,
1035 747 1063 774 in
1081 755 1140 786 quo
1156 755 1214 773 non
1230 743 1325 774 solum
1342 752 1427 773 voces
1446 741 1477 770 in
1492 741 1553 776 Βο-ι

306 786 401 817 tanici
415 785 526 817 usitatas
536 808 546 822 ,
564 784 611 817 scd
621 784 686 817 illas
699 789 783 818 etiam
796 812 805 825 ‚
817 798 884 829 qius
902 799 936 818 ex
950 787 1011 818 aliis
1024 786 1131 818 artibus
1145 798 1288 818 mutuatus
1298 787 1338 817 est
1349 812 1356 822 ,
1371 784 1407 816 (ic
1420 786 1551 827 exponit,

305 840 337 859 ut
354 829 443 860 multa
459 829 529 860 scitu
546 829 637 871 digna
658 832 733 861 circa
745 831 913 861 strustutam
933 830 1095 874 plantarum
1113 829 1215 861 doceat
1227 857 1236 868 ,
1259 842 1322 874 quae
1343 827 1469 871 Physica:
1491 837 1551 857 non

309 872 486 904 mediocrem
509 871 632 903 afferunt
653 871 756 906 lucem.

354 917 387 946 In
406 926 441 946 eo
460 919 566 958 quippe
587 925 679 958 partes
697 928 798 947 omnes
820 916 948 959 stirpium
965 939 974 953 ,
995 928 1095 948 earum
1113 927 1242 948 naturam
1262 918 1293 947 ὅ(
1315 914 1396 946 usum
1416 914 1496 946 velut
1521 917 1554 945 in

308 957 425 990 transitu
439 981 447 993 ‚
469 959 515 989 sed
534 961 662 989 accurate
676 970 772 990 tamen
792 963 822 990 δέ
843 959 988 1003 perspicue
1010 961 1143 1004 explicat.
1169 961 1265 1002 Atque
1285 969 1316 990 ut
1334 959 1349 990 ὲ
1372 957 1470 989 multis
1484 969 1554 1002 pau-

309 1013 341 1032 ca
365 1001 550 1044 decerpamus
572 1024 582 1037 ,
614 1003 711 1044 stirpes
733 1014 835 1034 omnes
859 1002 982 1045 lignosas
1005 1005 1034 1033 in
1056 1007 1109 1035 tria
1127 1007 1246 1047 partitur
1264 1014 1368 1045 genera
1388 1000 1451 1032 satis
1473 1012 1551 1032 nota.

313 1057 336 1076 1.
359 1047 392 1076 In
411 1045 526 1076 arbores
542 1067 550 1079 ,
566 1055 629 1087 quae
642 1056 707 1076 cum
725 1043 776 1076 sint
791 1044 906 1088 insignis
926 1047 1133 1089 magnitudinis
1146 1070 1154 1082 ‚
1177 1059 1236 1079 uno
1253 1046 1369 1076 caudice
1385 1056 1432 1075 aut
1447 1055 1552 1075 trunco

309 1091 337 1118 in
357 1099 451 1118 ramos
483 1088 577 1119 diviso
591 1110 599 1123 ‚
623 1091 654 1118 in
671 1088 761 1120 altum
782 1088 809 1120 se
829 1087 945 1121 tollunt.
970 1101 997 1122 z.
1023 1093 1055 1121 ln
1079 1090 1239 1121 arbusculas
1259 1100 1306 1119 aut
1326 1089 1442 1120 frutices
1462 1087 1549 1118 arbo-

310 1131 387 1161 ribus
410 1134 536 1162 minores
549 1155 557 1167 ‚
578 1142 701 1175 quaeque
725 1143 760 1164 ex
780 1132 880 1164 eadem
900 1133 969 1175 saepe
989 1133 1081 1165 radice
1105 1133 1273 1164 fruticantur
1292 1155 1302 1168 ,
1329 1143 1360 1163 ut
1383 1131 1552 1174 ligustrum,

308 1175 414 1204 Tro’e'ne
427 1200 435 1210 ‚
461 1174 550 1206 filaria
567 1178 625 1206 &c.
649 1186 675 1215 ς.
702 1178 736 1206 In
754 1175 888 1219 virgulta.
903 1175 1030 1208 Arbores
1044 1181 1074 1208 &
1087 1176 1202 1208 frutices
1216 1176 1264 1207 scu
1279 1174 1387 1206 arbusta
1402 1177 1554 1205 Autumno

308 1228 436 1260 gemmas
460 1217 510 1250 sub
532 1218 624 1249 axillis
648 1218 788 1250 foliorum
807 1231 940 1262 tanquam
957 1231 1012 1250 ova
1037 1220 1185 1263 proferunt
1207 1231 1216 1256 ·,
1236 1231 1295 1249 non
1317 1222 1387 1249 item
1409 1217 1553 1261 virgulta,

289 1272 356 1296 'aut
378 1261 485 1298 dumi,
508 1261 553 1292 seu
575 1265 701 1293 minores
719 1262 825 1306 plantae
848 1274 910 1304 quae
931 1263 1091 1294 subarbusta
1112 1263 1147 1295 ab
1165 1275 1199 1293 eo
1227 1264 1413 1293 nominantur
1439 1275 1446 1293 :
1471 1265 1552 1299 cujus

309 1307 422 1344 generis
443 1304 505 1334 sunt
522 1304 709 1335 Rostnatinus
736 1326 745 1340 ,
774 1305 908 1346 Thymus
930 1309 988 1337 &c.
1011 1318 1073 1349 quae
1097 1305 1238 1347 ejusmodi
1257 1316 1385 1348 gemmas
1409 1303 1553 1335 fructibus

312 1346 398 1378 foems
423 1358 484 1377 non
504 1346 666 1388 proferunt.
700 1346 809 1378 Herbae
830 1349 946 1390 proprie
970 1348 1102 1379 dicuntur
1117 1371 1126 1384 ,
1147 1359 1268 1390 quarum
1289 1347 1382 1378 caules
1405 1358 1451 1377 aut
1476 1347 1551 1389 scapi

312 1391 432 1421 maturis
450 1387 604 1420 seminibus
620 1400 749 1432 pereunt.
771 1391 884 1421 Harum
903 1390 1007 1422 radices
1029 1391 1075 1421 vel
1096 1391 1194 1422 multis
1216 1392 1337 1434 perstant
1364 1393 1448 1420 annis
1472 1403 1480 1421 t
1504 1387 1554 1419 vel

312 1433 416 1465 eodem
439 1444 515 1463 anno
531 1436 713 1464 emoriuntur
726 1455 736 1469 ‚
754 1443 786 1464 ut
811 1436 937 1464 triticum
952 1446 960 1469 3
976 1445 1042 1465 cum
1059 1434 1167 1465 radices
1184 1434 1292 1466 eaeclcm
1311 1444 1431 1464 manent
1445 1455 1455 1469 ‚
1479 1432 1556 1477 post-

312 1486 399 1518 quam
422 1475 530 1507 fruc'tus
547 1475 711 1508 extulerunt
725 1498 735 1512 ,
751 1487 790 1507 eae
806 1479 917 1509 vivaces
938 1477 1125 1521 appellantur.

362 1522 410 1551 11.
447 1520 544 1551 Radix
565 1523 596 1551 in
621 1530 790 1562 unaquaque
813 1519 909 1564 planta
932 1520 1044 1552 succum
1064 1522 1079 1554 ὲ
1105 1520 1180 1553 tert-ii
1209 1522 1315 1564 excipit
1331 1542 1341 1555 ,
1368 1522 1399 1550 &
1428 1523 1456 1550 in
1481 1517 1551 1550 alias

315 1574 406 1606 patres
430 1562 597 1594 transmittit
621 1577 628 1595 :
658 1563 718 1594 haec
741 1574 821 1594 tetrae
836 1589 842 1598 ,
864 1575 910 1595 aut
927 1565 1048 1595 terrestri
1073 1564 1156 1596 alicui
1179 1567 1293 1608 corpori
1315 1562 1488 1594 ndhaercscir.
1519 1565 1555 1593 In

315 1606 458 1637 radicibus
480 1610 604 1650 partium
627 1617 777 1638 contextus
795 1630 805 1642 ‚
826 1607 962 1638 structura
982 1612 1012 1639 ὅ(
1038 1606 1127 1650 figura
1149 1608 1317 1651 spectttntur.
1348 1608 1475 1637 Textura
1492 1605 1553 1649 ipsa

316 1647 362 1679 vel
380 1660 478 1680 carnea
495 1651 532 1680 cst
547 1673 555 1685 ,
576 1661 606 1681 ut
623 1652 653 1680 in
669 1649 732 1681 lilio
750 1673 758 1687 ,
775 1650 821 1681 vel
836 1649 917 1683 fibris
932 1652 1037 1682 constat
1050 1654 1207 1683 intertextis
1230 1664 1238 1686 3
1262 1652 1307 1681 stu
1321 1649 1422 1681 molles
1438 1648 1508 1688 fint,
1522 1659 1554 1679 ut

317 1695 345 1722 in
366 1691 506 1723 foeniculo
520 1717 527 1728 ,
548 1693 593 1723 scu
610 1693 688 1724 durat
709 1697 740 1725 &
755 1693 857 1737 ligneae
874 1705 904 1725 ut
924 1697 952 1724 in
968 1706 1039 1739 pyro
1055 1717 1063 1730 ‚
1085 1706 1189 1738 quercu
1206 1699 1265 1726 &c.

362 1737 488 1767 Ratione
507 1737 651 1768 sttusturae
666 1737 773 1768 radices
789 1737 834 1768 vel
855 1738 870 1767 ὲ
887 1736 967 1768 fibris
982 1761 991 1774 ‚
1010 1738 1055 1768 vel
1077 1750 1109 1769 cx
1125 1738 1188 1769 aliis
1212 1737 1355 1768 radicibus
1368 1758 1376 1771 ,
1403 1735 1448 1766 vel
1468 1735 1553 1778 squa-

316 1780 388 1814 mis,
412 1779 456 1809 vel
483 1781 497 1810 ὲ
522 1783 625 1811 tunicis
643 1791 868 1825 componuntur.
904 1783 1018 1812 Harum
1035 1784 1168 1814 omnium
1185 1784 1285 1811 Icones
1307 1780 1356 1810 sub
1371 1778 1458 1809 finem
1477 1781 1554 1810 tertii

318 1822 484 1852 voluminis
500 1821 636 1865 expressas
653 1823 750 1855 habes.
774 1826 845 1856 Sunt
860 1835 922 1862 qua:
945 1825 960 1855 ὲ
980 1823 1061 1856 fibris
1081 1823 1248 1856 tenuissimis
1268 1824 1350 1853 instar
1365 1821 1554 1864 capillamen-

318 1868 338 1895 ti
354 1887 362 1900 ‚
383 1865 428 1896 scu
447 1864 572 1897 ascititiae
585 1878 675 1898 comae
688 1868 837 1905 constant,
855 1865 885 1900 u't
905 1872 934 1899 in
950 1871 1046 1900 tritico
1071 1879 1080 1903 3
1099 1871 1128 1899 in
1148 1867 1210 1899 aliis
1230 1865 1374 1898 crailiorcs
1388 1866 1449 1896 sunt
1462 1864 1554 1901 fibra·‚

318 1920 347 1939 ur
369 1911 399 1938 in
420 1907 508 1940 viola.

358 1954 432 1994 Qae
451 1964 485 1984 ex
500 1952 562 1985 aliis
582 1952 748 1996 glomeratis
768 1955 928 1986 coalescunt
943 1977 951 1990 ,
971 1958 999 1985 in
1018 1957 1108 1986 varias
1127 1953 1230 1997 species
1257 1953 1452 1985 diducuntur:
1469 1951 1554 1994 squas

317 1994 403 2026 mosae
422 1995 484 2027 sunt
503 1999 532 2027 in
550 1996 611 2027 lilio
625 2020 635 2033 ‚
658 1997 784 2029 bulbosae
800 2002 830 2030 &
857 2001 872 2029 ὲ
887 1997 1014 2041 pluribus
1032 2000 1134 2030 tunicis
1157 1996 1297 2028 confecta:
1316 2019 1325 2032 ,
1352 2008 1382 2028 ut
1407 1999 1438 2026 in
1459 2005 1525 2037 cepa
1537 2014 1548 2029 ‚

319 2050 412 2081 caeque
426 2041 518 2071 varias
538 2040 658 2072 induunt
680 2040 793 2084 figuras.

365 2084 438 2113 111.
483 2083 624 2115 Radicula
640 2084 744 2116 dicitur
767 2096 829 2128 pars
853 2084 901 2115 illa
919 2087 1053 2128 germinis
1079 2095 1140 2127 qux
1161 2086 1289 2127 primum
1310 2084 1336 2115 se
1357 2083 1383 2113 sc
1405 2079 1550 2124 explicat,·

321 2127 352 2156 δέ
373 2137 470 2158 veram
484 2127 608 2160 radicem
621 2131 650 2160 in
665 2127 690 2159 se
707 2131 832 2161 continet
851 2141 859 2165 3
880 2140 909 2160 ut
926 2140 990 2172 pars
1005 2128 1130 2174 superior
1150 2131 1288 2171 germinis
1302 2153 1310 2167 ,
1329 2131 1357 2158 in
1372 2136 1426 2168 qua
1442 2134 1548 2162 carrera,
