1638 2345
292 87 601 120 ACADEMIAE
636 88 928 121 HISTORIA.
961 91 1049 123 LIB.
1079 93 1140 123 111
1271 105 1324 136 255

152 133 260 164 VIII.
296 134 353 163 Die
373 146 409 165 20
433 131 613 163 Novembris
630 132 663 162 P.
687 134 782 163 Gouie
813 131 957 165 consessus
975 134 1143 166 Academici
1162 135 1258 168 locum
1282 141 1323 170 inv
1341 133 1414 174 Phy-

96 174 201 216 grcffiis
215 198 225 211 ,
250 175 395 218 cujusdam
418 174 548 206 animalis
564 186 596 204 ex
615 186 719 217 genere
741 178 942 209 Erinaceorum
956 200 966 213 ‚
990 177 1069 221 quod
1088 178 1103 208 ἒι
1128 180 1168 209 -Ρ,
1184 176 1404 216 Taschardficae.

93 218 112 248 ἑ-
133 218 269 249 Siamenfi
290 231 378 262 regno
397 218 514 249 allatum
535 217 647 253 fuerat,
670 222 710 249 uti
733 223 763 250 &
788 220 935 262 cujusdam
960 221 1098 253 Lacerti&
1118 225 1148 254 P.
1167 224 1241 253 Beze
1262 226 1331 255 mis-

93 262 151 292 sam
173 261 391 306 descriptionem
412 261 540 292 exhibuit
560 274 566 291 :
584 260 648 291 huic
668 263 775 304 Toquet
796 275 903 294 nomen
923 264 1049 297 inditum
1062 288 1071 302 ,
1088 267 1167 308 quod
1184 266 1252 297 duas
1268 266 1332 299 illas

93 304 216 346 syllabas
236 306 407 337 articulatim
427 308 457 336 ὃ(
481 304 610 335 distinete
636 309 812 347 pronuntiet.

133 351 260 379 Exeunte
278 350 333 379 hoc
350 360 425 378 anno
439 347 552 378 alterius
570 350 679 378 Lacerti
695 348 801 390 pellem
818 349 911 382 attulit
928 352 969 384 D.
986 353 1034 383 De
1050 351 1076 383 la
1092 351 1232 396 Chapelle
1246 365 1332 398 quem

92 392 239 423 Indi-irum
261 391 361 423 incolae
383 402 607 434 expugnatorem
623 390 736 423 urbium
759 404 873 424 vocant.

508 527 539 562 C
567 527 600 562 A
624 525 649 561 P
668 527 700 561 U
724 526 759 561 T
831 527 921 564 111.

531 618 580 647 De
614 611 701 647 rebus
734 612 873 661 Phyficti.

93 700 118 730 Ι.
190 697 265 731 Llud
289 701 361 730 circa
377 697 502 730 calorem
522 698 537 728 ὲ
560 699 600 732 D.
619 703 664 732 De
684 700 708 731 la
724 698 864 744 Chapelle
886 698 1065 744 propositum
1080 703 1175 744 primo
1195 701 1260 733 loc‘o
1275 715 1327 746 po-

189 747 283 773 nimus
305 765 313 777 ‚
342 742 492 784 chalybem
508 745 538 773 in
563 755 634 787 aqua
656 744 765 774 fervida
785 756 819 774 eo
845 745 983 786 temporis
1008 743 1095 786 spatio
1118 745 1249 776 relietum
1269 759 1328 790 quo

94 787 200 817 Oratio
215 789 369 818 Dominica
389 788 522 817 recitatur
535 809 543 821 ‚
566 797 628 818 tum
646 799 679 817 ex
700 799 730 817 ea
746 787 882 818 eductum
904 786 1033 817 manibus
1049 790 1220 819 contrectari
1233 792 1325 832 poffc:

92 828 138 860 sed
159 830 243 871 paulo
264 830 323 873 post
343 832 382 859 ita
403 829 545 860 incalescit
564 843 594 861 ur
615 830 747 861 manibus
768 834 845 873 tangi
867 829 990 873 amplius
1011 834 1058 862 vix
1076 831 1173 875 possit.
1195 834 1264 864 Hoc
1277 835 1328 867 ad-

91 871 197 909 debat,
222 874 340 904 frustum
366 872 495 913 chalybis
516 874 616 904 eodem
640 878 776 917 temporis
800 874 955 904 intervallo
977 877 1049 905 inter
1070 887 1172 917 prunas
1197 876 1327 909 ardentes

92 915 215 957 positum
237 929 293 946 non
317 915 387 946 adeo
403 915 578 952 incalescere,
600 928 682 959 ,utque
693 920 721 947 in
733 929 804 959 aqua
814 917 950 948 bulliente
963 917 1147 949 collocatum.
1161 918 1236 950 Illud
1251 932 1326 962 quo-

92 969 147 999 quc
165 960 267 990 eodem
289 960 334 991 die
351 959 466 997 subjecit
478 985 486 998 ‚
507 962 541 990 iis
560 964 608 1002 qui
623 960 752 1002 argillam
775 960 908 1002 subigunt
921 983 931 996 ,
949 961 1018 1002 saepe
1034 961 1161 992 accidere
1178 974 1209 993 ut
1222 967 1326 995 minuti

91 1001 178 1034 filices
201 1003 285 1046 pedes
303 1002 473 1038 vulnerent,
491 1014 581 1045 neque
594 1003 671 1035 aliud
687 1003 741 1035 esse
762 1004 827 1034 huic
847 1002 924 1034 malo
945 1007 1036 1046 aptius
1057 1004 1215 1037 remedium
1236 1006 1324 1049 quem

92 1057 194 1077 terram
218 1046 314 1088 ipsam.

138 1092 184 1120 11.
222 1092 260 1120 D.
288 1088 373 1120 Borel
394 1089 547 1131 Epistulam
564 1090 599 1121 ad
620 1090 646 1120 se
669 1089 779 1121 miffam
800 1090 893 1132 legit,
918 1093 948 1121 in
963 1102 1017 1135 qua
1043 1094 1153 1122 mentio
1176 1091 1209 1124 fit
1231 1094 1326 1132 cujus-

91 1132 157 1163 dam
183 1132 270 1164 fontis
296 1133 353 1163 salsi
373 1136 401 1163 in
422 1134 571 1164 Comitatu
594 1134 784 1176 Burgundi.e,
804 1138 883 1175 cujus
895 1146 972 1178 aquae
993 1134 1121 1176 quotidie
1142 1136 1270 1167 crescunt
1291 1141 1323 1168 δε

90 1176 256 1207 decrescunt
270 1199 279 1212 ‚
297 1177 342 1207 scd
363 1175 440 1207 nulla
453 1188 526 1207 orta
544 1176 606 1219 lege
628 1189 636 1212 ·,
654 1177 724 1208 alter
738 1188 816 1220 aquae
837 1177 928 1208 dulcis
941 1181 970 1208 in
984 1177 1084 1209 eadem
1102 1179 1255 1210 Provincia
1277 1180 1324 1213 sua

88 1229 202 1263 quoque
219 1224 393 1251 incrementa
413 1219 497 1250 habet
518 1224 547 1251 &
566 1222 754 1253 decrementa.

142 1266 215 1294 ΙΙΙ.
258 1265 299 1294 D.
325 1266 370 1294 De
393 1263 418 1293 la
441 1266 513 1294 Hire
529 1263 564 1293 de
584 1264 664 1294 fonte
684 1267 712 1294 in
736 1276 803 1307 agro
827 1264 1030 1308 Mirapincenfi
1042 1261 1185 1309 'Adirepois
1200 1289 1209 1302 ‚
1235 1279 1322 1311 quern

89 1306 223 1347 fonteston
244 1318 347 1338 vocant
367 1330 376 1342 ,
405 1307 464 1338 haec
485 1307 580 1338 retulit
602 1320 608 1338 :
631 1308 695 1338 atstu
722 1311 893 1351 reciproco,
918 1309 963 1338 seu
982 1307 1066 1339 fluxu·
1084 1312 1112 1339 δέ
1137 1309 1249 1341 refluxu
1271 1323 1322 1355 pei:

88 1358 143 1381 tres
161 1354 227 1380 anni
246 1351 354 1381 menses
375 1354 494 1389 agitatur
507 1373 517 1386 ,
538 1350 700 1382 dummodo
723 1352 797 1382 aestas
821 1364 880 1382 non
899 1352 983 1382 fuerit
1001 1351 1147 1383 imbrifera
1166 1378 1175 1391 ‚
1194 1365 1244 1397 per
1265 1365 1321 1386 tres

89 1393 168 1421 ”norat
189 1393 357 1436 quadrantes
379 1383 441 1425 fluit
464 1397 494 1425 &
514 1406 562 1438 per
579 1393 653 1425 idem
673 1406 783 1437 tempus
803 1394 908 1426 refluit.

134 1437 198 1467 IV.
240 1437 297 1466 Die
319 1449 329 1476 3
356 1437 462 1480 Aprilis
485 1439 526 1469 D.
541 1437 575 1468 de
593 1438 619 1468 la
636 1437 776 1480 Chapclle
795 1438 956 1469 Acade-mim
970 1438 1064 1470 verbis
1087 1442 1127 1470 D.
1143 1439 1178 1469 de
1194 1442 1320 1471 Louvois

88 1481 232 1509 nuntiavit
246 1502 254 1515 ,
275 1480 305 1510 id
324 1479 359 1510 ab
375 1492 405 1510 ea
423 1481 555 1524 postulari
576 1493 607 1512 ut
629 1492 766 1524 quantum
785 1481 889 1525 pluviae
909 1484 937 1511 in
958 1493 1005 1512 vas
1029 1481 1146 1524 singulis
1168 1486 1248 1513 annis
1269 1483 1321 1514 de-

87 1523 164 1552 cidat
184 1545 194 1557 ,
222 1535 359 1566 quantum
381 1523 491 1555 exhalet
510 1547 518 1559 ‚
545 1527 746 1568 experimentis
768 1529 795 1555 in
810 1537 871 1555 eam
889 1536 948 1555 rem
964 1524 1045 1555 fietis
1064 1525 1243 1568 exploratum
1268 1527 1322 1557 lm

87 1563 187 1596 beatur
201 1588 210 1601 ‚
230 1566 315 1608 idque
336 1568 378 1598 D.
397 1567 528 1599 Sedileau
548 1567 709 1598 faciendum
734 1567 862 1610 suscepit.

129 1608 188 1639 Die
213 1620 250 1648 27
275 1610 456 1653 Septembris
474 1613 512 1642 D.
527 1610 562 1641 de
585 1611 610 1641 la
627 1612 699 1641 Hire
719 1615 947 1655 experimentum
962 1611 976 1640 ὲ
993 1611 1019 1641 se
1040 1610 1144 1642 faetum
1164 1613 1192 1640 in
1209 1612 1319 1644 Obser-

87 1654 201 1682 vatorio
220 1653 369 1695 exposuit,
392 1666 425 1684 ex
447 1666 504 1698 quo
532 1654 621 1696 liquet
645 1665 783 1695 quantum
808 1655 910 1698 pluviae
932 1658 961 1684 in
984 1666 1085 1686 terram
1106 1654 1262 1686 decidentis
1290 1659 1317 1687 in

87 1705 207 1737 vapores
226 1696 353 1727 diffletur
374 1701 404 1728 ὃς
426 1708 564 1739 quantum
589 1701 725 1737 temporis
753 1698 938 1741 impendatin
960 1710 1032 1729 terra
1046 1698 1228 1742 penetranda.

143 1741 182 1769 V.
217 1741 295 1771 Inter
318 1740 386 1771 alias
409 1740 623 1771 observationes
644 1740 775 1782 Phyficas
805 1753 867 1784 quae
889 1742 904 1770 ὲ
930 1741 962 1772 Ρ.
989 1742 1035 1772 De
1057 1746 1200 1782 fontenay
1233 1740 1319 1772 miffie

87 1779 150 1811 sunt
172 1803 181 1817 ‚
214 1782 263 1813 illa
293 1784 330 1814 est
359 1783 475 1826 insignis
503 1796 557 1826 qua
583 1784 651 1814 duas
682 1795 797 1826 magnas
830 1796 912 1827 rupes
945 1788 1116 1827 magneticas
1142 1811 1150 1821 ‚
1186 1795 1247 1827 quae
1274 1783 1318 1814 su-

87 1835 138 1866 pra
163 1835 265 1856 terram
298 1836 393 1858 extant
418 1853 426 1865 ,
448 1838 655 1858 commemorat
677 1839 684 1861 ·,
707 1830 798 1858 varias
819 1840 932 1871 quoque
955 1828 1160 1859 declinationes
1189 1828 1317 1858 Versorii

86 1877 149 1908 quae
176 1880 275 1899 omncs
301 1869 358 1902 fere
386 1870 402 1901 a
426 1873 515 1902 Borea
538 1872 632 1903 versus
655 1870 849 1902 Occidentem
876 1870 1055 1908 clericerum,
1077 1876 1105 1902 in
1132 1875 1231 1902 itinere
1262 1869 1317 1900 ob-

87 1911 220 1943 servavit.

134 1958 160 1985 V
174 1957 197 1985 Ι.
240 1958 365 1987 Exeuntc
384 1956 549 1988 Novembri
570 1959 611 1988 D.
624 1961 773 2001 Vatignon
798 1962 827 1989 in
847 1961 1024 1990 Maznrinaeo
1041 1957 1224 1993 Mathescos,
1241 1969 1320 1989 nunc»

87 1999 117 2027 in
140 2000 233 2041 Regio
249 1999 405 2030 Galliarum
422 2000 556 2042 Collegio
571 2003 713 2034 Profeffor
725 2028 734 2041 ,
753 2006 825 2033 inter
840 2002 1028 2033 Academicos
1048 2002 1082 2032 ab
1105 1999 1238 2031 Illustrissl
1255 2004 1317 2032 viro

90 2041 131 2075 D,
148 2043 193 2072 Dc
216 2046 341 2073 Louvois
361 2042 488 2074 adlefflzus
511 2044 575 2076 fuit.

136 2088 221 2117 VII.
264 2088 321 2117 Dte
344 2089 435 2130 prima
454 2088 622 2120 Decembris
643 2088 719 2121 illius
742 2101 822 2121 terrae
849 2090 966 2126 ιηοῑΐις,
980 2092 1029 2132 qui
1052 2088 1097 2119 die
1114 2086 1226 2120 decimo
1245 2087 1318 2133 Julii
