1638 2345
294 121 590 154 ACADEMIAE
623 118 1018 153 HISTORIA.L113.
1049 122 1113 154 IVL
1243 136 1302 169 3¹9

72 166 109 198 iis
127 165 299 210 Sphaericam
317 177 458 210 ponamus
472 187 482 202 ,
505 165 622 196 alteram
643 168 673 195 in
693 164 792 197 medio
817 165 907 209 magis
926 175 1091 201 extantem,
1113 176 1175 210 quae
1195 177 1302 212 tamen,
1317 169 1415 212 Optica

71 461 166 493 versus
194 473 320 494 extrema
349 466 378 494 in
406 462 471 495 sltuS
500 465 646 510 oppositos
670 465 857 503 inflestatur,
877 474 928 497 aut
954 473 1027 495 certe
1046 473 1109 506 pars
1130 465 1190 502 ejus
1212 461 1303 494 media

70 504 184 537 craffior
205 505 237 537 sit
255 506 341 548 quarn
362 518 504 542 cxu‘einae.

113 550 212 592 Itaque
232 552 260 580 in
285 550 334 581 hac
359 551 525 592 Crystallini
543 550 776 583 conformatione
788 551 896 596 duplex
920 552 1000 583 focus
1020 549 1132 582 futurus
1152 549 1191 580 est
1204 570 1215 584 ‚
1238 560 1302 580 curn

69 602 112 621 res
136 595 247 624 eminus
265 593 409 625 videbitur
439 608 446 626 ε
471 606 538 626 narn
559 595 631 625 radii
650 595 779 626 medium
803 595 997 637 crystallinum
1021 604 1199 637 penetrantes
1222 595 1304 623 citius

69 634 190 667 coi'bunt
203 658 213 671 ‚
234 636 321 677 quim
345 639 394 679 qui
413 648 555 669 extremos
574 637 649 669 illius
664 642 808 681 margines
823 639 982 682 pervadunt
996 663 1005 674 ‚
1028 640 1103 680 iique
1117 635 1196 667 velut
1213 647 1303 666 annu-

69 675 129 707 lum
151 679 305 721 quemdam
325 679 485 724 depingunt
499 704 508 717 ,
533 680 613 724 quod
628 693 687 712 non
709 693 768 713 tam
792 685 851 713 cito
874 686 976 712 co'cant
990 707 997 717 ,
1019 691 1050 710 ac
1075 683 1183 723 priores
1206 678 1299 711 radii:

69 719 156 762 idque
175 723 302 755 maxime
327 722 347 754 si
369 723 478 768 pupilla
498 724 532 757 fir
560 728 686 768 apertior
709 728 739 756 &
759 736 864 768 corpus
885 725 972 769 paulo
994 726 1130 755 remotius
1154 723 1303 766 spetstctur.

69 764 157 795 Unde
177 766 326 808 objcstum
340 770 455 810 nigrum
474 771 505 799 in
525 766 616 800 fundo
640 767 707 799 albo
729 767 851 813 positum
865 771 894 799 in
910 768 976 799 foco
994 767 1148 809 crystallini
1165 767 1304 809 pundstum

67 809 183 849 nigrum
200 810 346 853 depinget.
369 811 412 841 At
428 810 448 842 fi
461 811 532 843 radii
551 811 708 853 crystallini
731 811 854 843 limbum
877 821 1056 855 penetrantes
1077 813 1107 840 in
1131 813 1222 840 retina
1245 809 1303 851 ipsa

69 854 170 883 coe'ant
192 878 202 888 ,
225 856 275 896 qui
297 864 347 897 per
365 853 492 885 medium
517 855 661 886 transcunt
683 854 878 897 crystallinum
899 877 909 890 ,
941 865 1001 884 non
1019 856 1166 884 incurrunt
1185 854 1214 882 in
1236 854 1304 882 reti-

68 904 134 924 nam
151 895 201 926 nifi
218 896 280 941 post
295 897 466 929 concursum
484 901 543 940 jam
564 897 671 930 fastum
685 920 694 934 ‚
719 902 751 930 &
767 901 798 929 in
820 897 951 929 ea‘basim
963 895 1010 929 seu
1028 897 1168 940 pi&uram
1181 899 1301 925 omnino

66 937 261 981 perturbatam
286 939 444 975 delineanr.

110 983 137 1012 V
149 984 160 1012 1
173 985 184 1013 1
197 985 221 1015 1.
262 984 353 1025 Qod
371 984 391 1015 fi
412 995 474 1030 pars
484 983 579 1016 media
598 983 751 1027 crystallini
761 986 857 1016 minus
870 995 997 1016 convexa
1010 982 1043 1014 sit
1055 981 1143 1025 quam
1157 992 1301 1018 exrrernae,

66 1034 98 1055 ut
113 1022 145 1055 fit
160 1028 191 1056 in
214 1028 378 1070 pmsbyris,
402 1039 464 1059 tum
486 1040 529 1059 res
546 1031 691 1071 geminata
714 1027 880 1064 videbitur,
901 1028 948 1059 sed
963 1030 1135 1058 contrariam
1156 1024 1195 1057 ob
1216 1029 1302 1056 tatio-

66 1078 144 1099 netn.
170 1069 251 1102 Nam
265 1073 349 1103 citius
363 1071 485 1104 coi'bunt
498 1070 568 1103 radii
587 1074 638 1114 qui
653 1074 794 1114 margines
815 1070 890 1115 ipsos
911 1070 1076 1114 pervadent.

111 1112 211 1154 Atque
236 1126 271 1145 ex
292 1114 442 1158 irregulari
462 1113 552 1158 figura
575 1127 688 1146 corneae
708 1118 810 1146 tunicae
833 1125 880 1145 aut
902 1112 1056 1156 crystallini
1077 1114 1149 1145 ratio
1174 1111 1301 1149 ducitur,

66 1165 116 1185 cur
133 1167 247 1188 coronae
265 1161 339 1189 circa
362 1158 436 1189 faces
453 1159 580 1189 accensas
598 1158 757 1201 spectentur
772 1172 778 1190 :
803 1169 870 1188 nam
887 1156 1049 1200 superficies
1069 1157 1162 1186 minus
1179 1156 1303 1198 :equabi-

66 1196 108 1227 les
134 1201 164 1229 &
193 1200 336 1242 regulares
364 1204 394 1233 in
418 1204 501 1232 certis
522 1201 658 1233 distantiis
680 1202 825 1245 duplicem
847 1199 975 1231 efficiunt
997 1199 1094 1230 focum
1111 1221 1120 1235 ,
1147 1211 1178 1232 ac
1203 1199 1302 1230 circuli

67 1238 223 1279 luminosi,
244 1247 318 1276 circa
334 1246 440 1288 punsta
468 1247 498 1275 in
520 1244 624 1287 quibus
650 1244 745 1287 plures
769 1244 841 1275 radii
858 1243 1036 1285 colliguntur
1058 1246 1089 1273 ὃ(
1109 1242 1240 1273 ἀίῐὶίῃὸὶα
1270 1242 1302 1274 fit

67 1283 138 1315 visio
155 1307 165 1320 ‚
188 1285 322 1332 descripti
343 1289 392 1318 has
412 1298 533 1318 coronas
550 1287 633 1318 nobis
648 1286 785 1318 exhibent
801 1308 811 1323 ,
843 1296 905 1328 quae
927 1286 977 1317 ubi
996 1285 1153 1316 constantes
1180 1284 1241 1316 sunt
1269 1290 1299 1316 δε

67 1326 177 1371 semper
198 1341 356 1373 apparent,
379 1333 483 1361 vitium
505 1329 560 1360 esse
581 1332 610 1360 in
630 1329 795 1371 crystallino
821 1329 960 1359 indicant.
998 1328 1056 1359 Sed
1078 1328 1125 1358 ubi
1140 1330 1222 1359 certis
1240 1341 1302 1360 tan-

68 1380 129 1400 turn
149 1373 329 1414 temporibus
348 1385 387 1404 cae
411 1373 567 1408 videntur,
589 1373 781 1415 irregularitas
804 1383 916 1402 corneae
945 1370 974 1402 id
998 1370 1164 1413 plerumque
1188 1370 1275 1402 efficit
1290 1395 1300 1408 ‚

67 1423 99 1443 ut
122 1414 225 1445 accidit
239 1437 249 1450 ‚
269 1427 334 1447 curn
355 1415 464 1447 diutius
477 1414 563 1446 oculo
582 1427 682 1447 manus
699 1417 797 1446 innixa
820 1415 858 1445 cst
881 1427 888 1445 :
912 1425 944 1444 ac
967 1414 1084 1444 subinde
1104 1412 1216 1444 colores
1230 1418 1300 1447 varii

68 1455 270 1499 apparebunt,
293 1458 312 1490 fi
334 1470 435 1502 magna
461 1458 494 1490 fit
514 1458 647 1490 refratstio
665 1481 675 1494 ‚
697 1458 736 1489 ob
764 1455 924 1501 superficies
943 1456 1101 1488 admodum
1124 1457 1300 1498 irregulares.

68 1499 147 1529 Rem
164 1501 204 1531 ita
223 1500 276 1532 effe
297 1503 364 1534 hinc
383 1506 539 1546 comperies
558 1525 568 1537 ‚
600 1501 620 1533 fi
643 1501 808 1545 subnigturn
833 1512 936 1544 corpus
954 1499 1070 1544 pupillae
1091 1499 1298 1532 admoveatur:

68 1552 136 1573 cum
153 1546 230 1574 enim
248 1544 319 1577 illud
334 1557 443 1589 partem
461 1544 576 1590 pupillae
591 1544 742 1577 obduxerit
754 1567 764 1582 ‚
787 1543 909 1576 circulus
922 1544 1032 1576 lucidus
1047 1554 1081 1573 ex
1092 1542 1211 1574 dimidia
1223 1556 1302 1586 parte

68 1584 159 1616 scarus
186 1588 344 1630 apparebit.

100 1631 114 1659 1
128 1632 167 1660 Χ.
195 1632 323 1676 Myopes
339 1632 442 1674 quibus
476 1630 564 1675 upilla
576 1631 614 1662 est
632 1632 776 1675 angustior
789 1654 798 1668 ‚
821 1634 854 1663 &
875 1630 938 1662 sana
951 1631 1013 1661 sunt
1031 1640 1155 1673 organa,
1173 1632 1193 1660 ii
1214 1633 1302 1662 mini-

67 1682 116 1703 ma
133 1683 253 1716 quaeque
274 1676 388 1716 objecta
408 1643 572 1707 disgernunt
590 1679 694 1717 majori
715 1675 772 1706 luci
791 1673 916 1718 exposita
936 1688 943 1707 ε
965 1685 1033 1706 nam
1056 1677 1123 1704 coni
1142 1673 1229 1704 lucidi
1250 1687 1303 1706 an-

67 1717 226 1758 gustiores,
247 1730 312 1750 curn
335 1721 473 1750 acutiores
495 1718 616 1749 habeant
639 1721 751 1762 apices,
772 1718 935 1750 distinctam
956 1719 1046 1759 magis
1068 1719 1210 1760 pidkurarn
1236 1716 1302 1747 effi-

67 1760 149 1791 ciunt
168 1785 179 1800 ,
204 1761 290 1803 quam
310 1761 328 1794 si
347 1765 414 1793 coni
434 1761 520 1793 efflent
539 1760 695 1793 obtusiores
711 1775 717 1793 :
739 1761 786 1792 sed
805 1761 920 1804 objeeta
937 1765 1022 1793 etiarn
1038 1764 1168 1803 proxima
1183 1771 1241 1791 non
1257 1764 1301 1792 vi-

67 1800 137 1835 den:
157 1825 168 1838 ‚
196 1803 248 1834 nisi
268 1806 366 1837 eadem
386 1805 469 1837 valde
489 1804 650 1836 collustrata
679 1819 685 1836 :
716 1816 781 1836 nam
804 1808 900 1849 imago
931 1804 1026 1849 ampla
1046 1807 1077 1835 in
1102 1803 1195 1835 fundo
1223 1805 1300 1835 oculi

67 1843 232 1888 depingitur
245 1869 255 1882 ‚
282 1852 312 1880 &
329 1848 423 1880 lumen
444 1849 566 1880 multum
586 1848 734 1891 spargitur.

120 1891 160 1920 X·
205 1892 276 1931 Quo
294 1891 407 1923 brevior
431 1893 469 1924 est
487 1891 584 1927 visus,
607 1893 662 1921 hoc
686 1903 729 1922 res
757 1892 870 1934 objccra
889 1893 980 1933 major
1002 1902 1117 1934 apparet
1135 1916 1143 1929 ,
1163 1888 1211 1920 ubi
1231 1900 1297 1919 cum

68 1932 158 1974 specie
182 1932 259 1964 illius
278 1947 327 1979 per
346 1939 450 1967 vitrum
469 1947 572 1967 cavum
587 1933 743 1967 transmissa
758 1945 937 1980 comparatur
960 1947 966 1965 :
992 1933 1098 1965 tametsi
1120 1945 1167 1977 per
1190 1935 1297 1963 vitrum

69 1986 228 2007 concavum
255 1976 341 2022 longe
360 1978 520 2010 distinCtior
540 1977 720 2023 conspicitur.
749 1979 810 2012 Ubi
831 1982 920 2009 retina
939 1976 1034 2008 minsis
1053 1976 1115 2007 sana
1131 1977 1169 2007 cst
1192 2000 1200 2010 ‚
1224 1979 1296 2006 vitra

70 2030 138 2050 cava
155 2018 260 2051 nullius
281 2021 344 2053 sunt
364 2023 427 2052 ulus
448 2035 454 2052 ε
478 2033 544 2053 narn
561 2021 762 2065 penicillorum
782 2024 874 2066 apices
889 2023 1004 2065 propius
1025 2020 1133 2051 admoti
1153 2019 1295 2060 angustio-

72 2074 114 2093 res
135 2063 261 2094 formant
283 2066 419 2108 imagines
439 2064 525 2107 quarn
541 2077 572 2097 ut
588 2077 726 2108 organum
746 2064 870 2097 afficiant
881 2087 891 2101 ,
916 2068 947 2095 &
966 2064 1127 2095 distinctam
1150 2061 1294 2106 praebeant

73 2105 221 2139 visionem.
244 2109 300 2141 Sed
323 2109 379 2141 duo
396 2111 468 2140 vitra
481 2119 605 2152 quorum
620 2120 709 2142 unum
731 2120 892 2152 convexum
905 2130 916 2145 ,
938 2111 970 2150 βς
992 2106 1111 2150 alterum
1123 2108 1162 2150 est
1175 2117 1293 2147 cavum,
