1638 2345
293 115 330 144 86
573 110 757 141 REGIAE
800 107 1215 139 SCIENTIARUM
1439 146 1441 148 Ι

177 161 266 191 Arm.
294 167 394 186 uenter
413 154 496 190 fluit,
514 163 544 184 ut
565 153 599 184 de
623 151 798 198 suspensione
813 149 983 192 hydrargyri
1006 153 1035 181 δι
1056 161 1134 191 aquae
1159 148 1232 182 nihil
1256 148 1360 182 dicam.
1384 151 1517 183 Substan-

174 210 260 239 1669,
296 203 363 230 tiam
380 198 458 229 illam
475 201 539 228 εὔει·
554 196 730 227 subtiliorem
741 194 795 225 effe
809 194 875 224 hinc
891 193 979 236 liquet
992 194 1087 235 ‚quod
1102 197 1206 224 vitrum
1218 204 1354 236 penetret:
1369 194 1416 225 sed
1432 195 1518 237 longe

293 240 408 273 craffior
423 241 461 272 cst
478 241 598 271 :etherea
611 239 761 270 substantia
779 249 847 268 curn
863 236 940 267 illius
957 239 1047 267 motui
1067 247 1125 266 non
1142 241 1221 267 omni
1238 247 1272 267 ex
1291 247 1367 279 parte
1379 237 1520 280 obsequa-

292 296 359 324 tur,
381 284 489 327 alioqui
511 286 605 325 gravis
624 294 656 312 ea
683 293 743 312 non
763 279 838 312 esset.
872 280 937 311 Nec
965 290 1058 310 tamen
1082 290 1173 321 partes
1197 278 1273 310 illius
1292 283 1444 311 acervatim
1466 281 1520 311 effe

290 328 433 371 congestas
454 325 560 358 neceffe
575 326 631 357 est:
649 337 716 356 nam
736 328 765 355 in
781 327 846 355 aere
859 323 902 353 hae
920 322 1063 367 particulae
1084 323 1149 354 licet
1162 321 1292 365 dispersae
1312 321 1360 352 suo
1375 323 1520 355 donamur

291 371 431 415 pondere.

333 417 361 445 X
375 417 402 445 X
416 416 428 443 1
443 416 467 445 1.
502 415 543 444 Ex
554 424 612 456 quo
633 414 719 442 etiam
731 409 804 442 illud
824 408 1007 441 concluditur
1023 432 1032 446 ‚
1051 421 1083 440 ea
1102 421 1223 454 corpora
1243 406 1296 440 esse
1311 412 1443 452 graviora
1459 419 1522 454 qux

289 456 417 500 pluribus
440 457 568 488 constant
589 454 715 498 partibus
735 453 855 485 liberum
872 452 968 484 fluidae
983 456 1107 484 materia:
1121 452 1267 484 transitum
1281 452 1520 495 impedientibus:

289 512 357 531 nam
379 512 410 530 ea
433 499 491 530 sola
512 500 575 530 sunt
601 502 722 541 gravia,
753 499 781 527 in
801 508 924 538 quorum
946 497 1042 527 locum
1065 497 1124 526 haec
1147 495 1256 527 subtilis
1275 499 1390 526 materia
1406 495 1524 527 eluctari

290 546 401 574 nititur.
434 543 511 573 Cum
530 544 608 572 enim
626 540 684 571 duo
699 551 820 582 corpora
832 562 840 575 ‚
865 551 895 570 ut
918 539 975 569 duo
992 538 1074 581 globi
1096 539 1213 570 eburnei
1227 542 1256 569 in
1274 539 1359 582 plano
1380 540 1526 570 horizon-

290 586 339 617 tali
362 586 412 617 sibi
441 588 565 617 invicem
586 593 740 614 occurrunt
758 605 767 618 ,
797 594 896 613 mutua
915 581 1066 613 resistentia
1093 593 1153 612 non
1170 594 1204 612 ex
1226 585 1363 623 gravitate
1386 593 1436 614 aut
1463 581 1525 614 nisu

290 629 385 660 versus
408 640 489 659 terrae
511 638 641 659 centrum
663 630 755 658 oritur
778 639 785 656 :
804 636 869 657 cum
887 637 981 656 motus
1001 624 1050 655 ille
1072 625 1263 656 horizontalis
1285 624 1301 654 ὲ
1324 636 1422 655 centro
1443 636 1527 657 terrae

290 673 422 703 recedere
435 683 494 702 non
505 681 634 707 ,conetur
647 683 654 701 ε
681 668 728 700 sed
741 680 774 698 ex
788 671 914 699 materia:
926 667 1008 712 ipfius
1024 671 1181 710 quantitate
1194 667 1243 699 fibi
1259 668 1337 699 ariste
1348 667 1479 711 implexae
1494 672 1527 700 δε

292 713 442 746 resistentia
461 717 583 744 omnino
606 711 807 756 proficiscitur.
835 711 925 753 Qod
939 712 958 743 fi
978 714 1056 742 enirn
1074 723 1153 754 :equa
1172 710 1204 742 su
1220 714 1249 741 in
1264 723 1386 754 utroque
1405 722 1526 755 corpote

291 758 434 797 ejusmodi
456 759 579 788 materiae
595 758 735 798 quantitas
750 779 759 793 ,
777 755 890 797 aequalis
909 759 960 787 erit
981 754 1125 797 utriusque
1149 757 1176 784 in
1202 766 1293 797 partes
1313 753 1455 798 oppositas
1479 766 1528 785 re-

294 801 406 836 flexio,
432 811 478 830 aut
501 811 576 831 certe
597 799 683 830 ambo
707 809 828 842 corpora
853 798 1008 830 manebunt
1030 801 1172 833 immota,
1198 809 1229 829 ut
1254 797 1325 828 dura
1349 797 1454 829 fuerint
1480 809 1527 829 aut

293 843 405 876 mollia.
439 844 518 873 Cum
539 854 635 874 autern
660 841 772 885 :equalis
792 841 830 871 cst
851 840 968 873 reflexio
990 841 1135 882 utriusque
1155 865 1164 876 ,
1194 839 1302 883 aequale
1327 841 1365 871 est
1386 840 1499 884 pondus
1518 853 1526 872 z

293 898 361 930 ergo
377 887 425 918 ubi
441 885 557 929 aequalis
574 886 613 916 est
632 887 757 916 materiae
774 887 914 927 quantitas
929 910 939 923 ‚
958 896 1038 927 :equa
1055 884 1155 915 itidem
1172 883 1233 914 sunt
1246 882 1382 927 pondera.

337 932 405 961 XX
418 932 455 959 11
472 934 493 960 Ι.
533 931 567 960 In
587 940 645 970 quo
665 927 784 971 quidem
802 951 811 963 ‚
834 938 864 958 ut
876 928 1001 958 diximus
1020 952 1029 966 ‚
1048 927 1063 957 ὲ
1083 938 1151 957 vero
1168 926 1302 958 nonnihil
1317 926 1430 958 videtur
1444 926 1529 959 aber-

295 984 356 1004 rare
376 971 518 1003 Cartefius
532 994 542 1008 ,
568 983 634 1002 cum
649 971 790 1002 existimat
804 982 916 1002 motum
933 970 1054 1002 coelcstis
1076 969 1151 1000 illius
1168 972 1291 1001 materia:
1316 973 1346 1000 in
1366 971 1472 1000 rectam
1495 970 1531 1001 li-

295 1027 379 1047 neam
394 1028 473 1047 tertae
485 1014 624 1058 nppofitae
645 1015 778 1057 impediri
804 1027 811 1045 ι
837 1026 903 1044 nam
923 1013 942 1044 st
961 1025 1003 1044 tes
1018 1017 1056 1044 ita
1077 1012 1109 1044 fit
1122 1035 1132 1048 ‚
1151 1012 1249 1043 eadem
1267 1016 1384 1043 materia
1403 1024 1455 1043 nec
1467 1025 1530 1044 me-

296 1058 364 1089 talla
378 1071 430 1090 nec
446 1062 553 1089 vitrum
574 1058 729 1101 pervadet,
747 1056 840 1099 ficque
858 1056 1008 1101 plumbum
1024 1056 1088 1087 vase
1110 1058 1203 1087 vitreo
1225 1054 1390 1087 conclusum
1409 1056 1530 1088 multum

297 1101 333 1134 de
357 1102 406 1133 suo
427 1100 555 1146 pondere
577 1104 699 1135 amittet.

342 1145 424 1176 Idem
444 1148 577 1188 opinatur
597 1155 696 1174 aurum
710 1164 720 1179 ‚
744 1141 823 1186 quod
839 1142 896 1173 fere
915 1141 1031 1185 vigesies
1048 1145 1162 1185 gravius
1174 1142 1213 1173 est
1225 1141 1325 1173 eadem
1342 1152 1422 1184 aquae
1440 1140 1531 1178 mole,

299 1199 358 1219 non
383 1187 506 1231 amplius
535 1198 630 1218 tamen
655 1198 741 1229 quam
766 1184 956 1228 quadruplam
985 1189 1110 1217 mater-iar
1137 1188 1329 1228 quantitatem
1358 1187 1530 1217 continere:

298 1231 376 1274 quod
397 1230 506 1272 liquida
525 1241 645 1274 corpora
662 1229 789 1273 partibus
804 1229 932 1259 constent
952 1232 981 1260 in
1002 1239 1083 1260 motu
1104 1229 1198 1271 positis
1227 1242 1234 1259 ε
1255 1227 1332 1259 unde
1349 1230 1380 1258 &
1394 1228 1533 1271 resped'ti-

300 1286 367 1305 vam
391 1274 497 1306 habent
516 1273 662 1304 levitatem
675 1295 684 1308 ‚
712 1272 760 1303 ubi
781 1283 846 1303 cum
867 1272 944 1302 duris
971 1275 1001 1303 &
1029 1271 1127 1303 solidis
1143 1281 1357 1315 comparantur.
1386 1274 1496 1302 Verum
1512 1270 1533 1302 fi

299 1329 343 1349 xes
367 1320 404 1347 ita
425 1316 492 1348 effer
512 1340 522 1353 ,
542 1328 605 1360 pars
630 1327 708 1358 aquae
731 1315 879 1358 congelata
898 1313 991 1345 multo
1012 1319 1126 1358 gravior
1144 1315 1211 1346 effer
1230 1341 1239 1351 ,
1265 1326 1350 1357 quam
1376 1313 1476 1345 eadem
1496 1314 1534 1346 li·

299 1360 393 1402 quidae
407 1359 517 1396 moles,
542 1363 573 1391 &
592 1359 707 1390 metalla
726 1359 786 1390 fusa
800 1361 894 1389 minus
907 1357 1095 1400 ponderarent
1107 1381 1117 1394 ‚
1136 1370 1222 1403 quam
1240 1357 1321 1389 dura.
1353 1357 1468 1388 Deinde
1481 1357 1534 1400 qui*

301 1403 365 1435 fieri
385 1404 475 1447 potest
496 1415 527 1434 ur
549 1402 695 1444 liquiditas
717 1413 838 1446 corpora
862 1399 965 1432 efficiat
988 1401 1094 1432 leviora
1114 1411 1124 1433 2
1153 1413 1212 1432 non
1238 1405 1315 1432 enim
1341 1399 1464 1432 fluiditas
1484 1400 1533 1432 illa

300 1458 414 1478 motum
434 1445 602 1478 circularem
621 1448 698 1477 circa
717 1457 820 1477 terram
833 1467 843 1481 ,
866 1456 914 1476 aut
931 1443 1039 1475 sursum
1059 1445 1154 1476 versus
1169 1467 1180 1481 ,
1205 1445 1298 1476 sedin
1317 1455 1418 1475 omnes
1441 1454 1534 1488 partes

302 1492 336 1521 iis
361 1492 533 1532 impartitur.
1281 1501 1288 1505 >

344 1535 496 1573 XX1v‚
528 1534 608 1564 Hinc
632 1536 718 1564 etiarn
738 1530 830 1562 causas
847 1530 1060 1563 accelerationis
1080 1542 1212 1563 motuum
1233 1533 1263 1562 in
1293 1530 1462 1574 corporibus
1482 1529 1535 1561 de-

302 1575 381 1607 ducit
398 1579 441 1606 vir
454 1575 554 1607 clariff.
569 1581 646 1619 juxta
667 1574 780 1606 Galilaei
799 1577 937 1618 principia
950 1597 968 1610 ‚.
979 1573 1152 1605 celeritatem
1164 1578 1299 1606 nimirum
1323 1576 1407 1618 aequis
1422 1584 1534 1617 tempo-

305 1619 380 1650 ribus
395 1618 540 1659 aequaliter
553 1623 658 1661 augeri.
690 1619 767 1650 Cum
785 1620 862 1650 enim
877 1629 978 1660 corpus
1001 1629 1089 1659 grave
1102 1617 1117 1647 ἓι
1135 1617 1278 1661 particulis
1293 1620 1395 1649 vicinis
1408 1619 1534 1648 materiae

306 1665 335 1693 in
357 1665 417 1700 ejus
434 1661 533 1693 locum
555 1661 702 1692 succedere
724 1663 841 1692 nitentis
857 1664 1038 1692 continenter
1059 1660 1181 1704 pellatur
1201 1673 1209 1697 ς
1228 1665 1352 1704 urgentis
1375 1660 1451 1690 illius
1474 1672 1535 1690 rna.

308 1708 384 1735 teriae
406 1707 449 1735 vis
472 1705 580 1748 semper
604 1716 681 1748 :eque
702 1702 795 1735 valida
822 1706 860 1735 est
891 1715 975 1748 atque
997 1703 1045 1734 illa
1067 1715 1125 1735 erat
1142 1715 1208 1735 cum
1232 1715 1333 1747 corpus
1353 1702 1533 1746 quiescebam

305 1747 384 1778 ,unde
412 1751 441 1778 &
473 1747 599 1778 celeritas
621 1747 720 1779 eadem
745 1749 853 1777 ratione
872 1758 989 1790 augetur
1004 1770 1013 1783 ,
1037 1758 1092 1790 qua
1111 1743 1169 1789 ipsa
1192 1759 1332 1792 tempora.
1366 1748 1438 1777 Haec
1463 1745 1535 1776 adeo

311 1790 472 1832 hypothesis
493 1790 572 1821 nullo
590 1791 680 1822 modo
698 1802 763 1821 cum
779 1793 950 1835 experientia
969 1802 1111 1834 pugnare,
1130 1802 1182 1821 nec
1197 1795 1349 1834 quicquam
1363 1787 1536 1833 inipoffibilc

309 1834 421 1864 videtur
436 1837 582 1864 continere
596 1860 604 1872 ‚
629 1845 716 1875 caque
735 1834 938 1877 plioenomenis
956 1834 1018 1864 satis
1030 1836 1156 1864 concinit
1181 1848 1187 1865 ε
1210 1834 1281 1864 adeo
1295 1845 1324 1864 ut
1346 1832 1443 1863 saltem
1459 1835 1536 1863 veti-

307 1875 407 1908 fimilis
426 1876 555 1907 habenda
573 1876 605 1907 sit
620 1899 629 1912 ,
650 1877 719 1906 dum
740 1876 792 1906 alia
813 1877 1008 1919 phoenomena
1028 1877 1093 1907 huic
1107 1876 1221 1907 adversa
1241 1887 1400 1908 occurrant.

349 1922 467 1951 XXV.
511 1921 596 1950 Circa
623 1919 858 1950 accelerationem
885 1923 1014 1963 gravium
1043 1920 1175 1962 quaedatn
1205 1919 1322 1962 subjecit
1343 1921 1535 1962 experimenta

310 1965 350 1994 D.
367 1963 501 1993 Fienicle.

337 2004 471 2037 Medulla
493 2005 627 2036 Sambuci
648 2009 676 2036 in
707 2004 829 2048 globum
858 2017 968 2037 tornata
984 2028 993 2041 ‚
1016 2009 1095 2047 cujus
1119 2004 1257 2037 diameter
1278 2016 1336 2036 erat
1357 2016 1478 2048 quatuor
1497 2004 1536 2034 li-

307 2060 423 2079 nearum
435 2071 444 2084 ‚
463 2049 522 2091 post
537 2061 573 2081 20
591 2049 698 2091 pedum
718 2049 836 2092 spatium
853 2060 1028 2092 peragratum
1039 2047 1172 2091 aequabili
1188 2049 1337 2080 velocitate
1351 2049 1466 2080 decidit.
1488 2049 1535 2078 Sic

304 2091 444 2134 ingluvies
463 2091 533 2135 galli
553 2093 646 2134 ludici
662 2091 699 2125 ab
722 2095 803 2124 omni
822 2092 995 2136 pinguedine
1018 2103 1134 2136 purgata
1154 2095 1185 2124 ὅ(
1208 2096 1272 2125 ae'te
1295 2092 1412 2135 impleta
1432 2113 1442 2129 ,
1460 2090 1536 2134 post5
