1638 2345
302 133 590 167 ACADEMIAE
636 134 920 167 HISTORIA.
956 136 1091 168 Ltn.1.
1220 152 1222 155 .

54 179 171 223 quidem
188 177 371 210 exsolvuntur
391 189 421 210 ut
443 178 511 209 sales
529 181 558 208 in
578 188 649 220 aqua
662 201 671 213 ,
688 177 810 218 crystalli
832 176 1014 209 metallorum
1027 181 1056 209 in
1077 181 1156 221 aquis
1174 150 1278 222 stygi7is9.
1295 180 1369 224 Phy-

57 223 178 254 Metalla
201 234 234 253 ex
256 221 310 253 sale
336 226 366 254 ὅ(
389 221 521 266 sulphure
546 219 702 265 composita
723 224 752 252 in
777 224 855 264 aquis
876 220 996 252 fortibus
1017 220 1206 253 dissolvuntur
1223 248 1231 262 ,
1249 227 1277 255 &
1292 225 1360 265 fica.

52 269 129 308 vignis
152 269 181 297 vi
203 265 370 298 funduntur.
409 269 548 308 Liquores
575 265 662 296 acidis
685 264 829 308 spiritibus
851 268 1029 308 impraegnati
1052 265 1283 308 congelationem

51 312 136 341 citius
156 320 261 340 creant.
287 310 398 340 Contra
412 312 460 350 qui
477 311 566 351 igneis
585 307 729 351 spiritibus
750 311 781 339 ὃ(
803 307 959 352 sulphureis
979 308 1125 339 abundant
1141 331 1150 344 ,
1179 320 1283 353 conge-

51 351 190 383 lationem
215 363 334 383 omnem
357 351 509 387 inhibent,
538 350 576 382 sic
592 363 663 394 aqua
689 354 748 383 vini
769 351 869 382 ardens
889 376 897 389 ,
919 350 982 382 olea
1007 348 1064 394 ipsa
1082 350 1134 382 nili
1159 351 1283 385 multum

53 406 133 426 terrae
165 394 210 425 vel
243 406 321 436 aquae
342 395 464 426 habeant
484 394 636 425 admistum
660 396 707 424 vix
732 395 920 437 congelantur
943 406 952 429 3
979 394 1047 425 sales
1068 395 1211 437 sulphurei
1236 407 1282 427 aut

53 437 128 474 fixi,
156 449 203 468 aut
229 437 360 469 volatiles
374 448 441 468 curn
462 437 497 469 ab
517 441 600 469 omni
621 448 730 469 terrena
750 436 809 468 fece
830 436 914 468 soluti
938 437 1000 470 sunt
1013 460 1023 473 ,
1053 449 1198 480 nunquam
1222 437 1280 469 fere

48 481 246 523 congelantur.

94 527 106 555 1
122 526 168 557 11.
206 525 301 564 Atque
320 523 380 554 haec
398 523 434 554 de
453 523 686 567 congelationum
702 522 789 554 caufiS
802 546 812 559 ,
834 524 901 554 hinc
922 523 958 554 ad
975 523 1188 565 coagulationes
1202 534 1281 556 trau-

47 565 83 598 fit
103 581 110 599 :
136 571 166 598 in
190 570 224 598 iis
249 567 403 598 substantia
416 567 559 609 quandam
581 566 626 597 vel
645 570 674 597 in
693 565 981 609 compofitione‚vel
1006 570 1035 597 in
1055 578 1153 598 natura
1187 579 1280 599 muta-

49 613 162 642 tionem
182 609 317 651 agnoscit.
350 612 383 640 In
404 610 453 640 illa
467 620 557 653 partes
575 609 762 640 solidiusculae
781 610 797 639 a
819 609 936 651 liquidis
956 608 1066 640 secretae
1087 621 1143 640 una
1156 614 1282 647 coe'unt,

49 664 80 684 ut
105 655 135 684 in
162 653 242 684 lactis
269 653 476 695 coagulatione.
506 654 539 682 In
560 664 597 682 eo
616 663 720 694 genere
744 654 980 695 praecipitationes
1005 663 1158 694 corporum
1182 657 1283 697 reponi

49 695 163 740 possunt
177 709 183 727 ε
206 696 316 739 spiritus
333 695 410 726 salini
429 694 551 726 aliorum
566 694 713 738 spirituum
724 718 733 731 ,
751 695 798 726 sed
816 694 933 725 diversa
947 705 1052 726 naturae
1065 694 1219 726 accessione
1236 699 1283 727 in-

49 739 163 770 terdum
182 737 412 774 condensantur,
431 749 462 769 ut
483 737 517 769 fit
538 741 566 769 in
584 738 781 780 coagulatione
799 739 910 780 spiritus
933 740 994 768 vini
1009 749 1075 768 cum
1097 740 1164 769 nitri
1185 740 1284 782 spiritu

47 792 96 813 aut
117 785 205 813 urinae
229 782 353 825 permisti
378 795 385 813 t
406 779 443 812 fic
466 781 565 813 oleum
589 781 696 812 vitrioli
715 793 781 812 cum
802 780 857 812 sale
883 783 977 812 tartari
1002 783 1188 821 conjunctum
1202 804 1211 817 ,
1237 794 1283 814 aut

30 824 162 868 ‘spiritus
183 827 251 856 nitri
278 836 345 855 cum
367 824 421 854 sale
441 822 499 854 fixo
526 824 653 867 ejusdem
674 828 741 856 nitri
764 847 774 861 ,
802 834 848 855 aut
867 834 932 853 cum
958 835 992 853 eo
1014 827 1064 866 qui
1086 823 1100 853 ὲ
1120 824 1281 867 plantatum

48 868 191 899 cineribus
211 869 328 899 eductus
350 868 388 898 <st
401 890 410 903 ‚
434 867 602 898 admistione
618 893 626 906 ‚
644 878 705 898 uno
729 867 818 899 verbo
838 867 964 909 liquores
990 878 1061 909 pene
1077 878 1177 898 ornnes
1200 867 1281 898 salini

46 911 105 942 una
123 924 188 943 cum
209 914 241 942 iis
257 910 428 954 corporibus
446 921 508 952 quae
533 910 587 941 sale
609 910 760 955 sulphureo
780 921 825 941 aut
848 909 940 941 alKali
959 908 1107 940 abundant
1128 932 1134 941 ,
1157 914 1279 941 omnino

45 955 244 986 concrescunt.
270 956 316 985 Sic
334 954 443 996 spiritus
461 956 531 984 aceti
543 953 691 985 distillatus
706 965 771 984 cum
784 952 897 997 plumbi
912 952 988 983 calce
1002 975 1013 988 ‚
1036 952 1160 984 cora'liis
1175 977 1184 989 ,
1199 965 1280 996 gem-

47 1001 102 1029 mis
114 1020 123 1033 ,
139 997 235 1028 oleum
249 997 358 1028 vittioli
374 1008 438 1028 cum
457 995 524 1027 ferti
547 996 677 1027 limatura
701 1010 708 1028 :
732 997 818 1038 idque
836 995 932 1026 videre
953 996 991 1025 cst
1009 999 1038 1026 in
1053 996 1189 1026 omnibus
1208 1008 1280 1039 pene

48 1041 135 1072 acidis
156 1040 314 1084 liquoribus
330 1043 379 1081 qui
395 1051 451 1069 una
470 1050 534 1069 cum
555 1043 650 1070 zinKo
666 1039 840 1070 extillantur.
871 1038 963 1079 Qod
985 1036 1016 1067 fit
1038 1049 1086 1068 aut
1107 1038 1279 1081 phlegmatis

44 1083 180 1127 superflui
201 1082 372 1126 separatione
387 1105 395 1118 ‚
412 1093 458 1113 aut
472 1081 592 1113 siccitate
603 1083 660 1125 ipsa
677 1094 739 1124 qua·
757 1085 786 1113 in
808 1084 926 1112 terrenis
940 1079 1120 1123 sulphuribus
1133 1081 1275 1113 abundat:

45 1137 112 1157 nam
132 1127 284 1158 humiditas
297 1128 385 1156 nimia
404 1126 475 1156 hanc
490 1130 702 1156 concretionem
724 1125 845 1155 inhibet.

94 1173 160 1202 lv.
196 1169 284 1200 Aliud
313 1168 418 1199 deinde
440 1168 648 1210 coagulationis
673 1179 762 1210 genus
789 1167 937 1210 distinguit
961 1190 970 1203 ‚
1000 1171 1028 1197 in
1058 1177 1114 1210 qua
1133 1170 1172 1198 rei
1194 1166 1278 1210 ipsius

45 1212 196 1244 substantia
213 1211 422 1243 transmutatur.
447 1212 544 1253 Hujus
559 1210 764 1254 coagulationis
781 1213 810 1241 vi
833 1210 904 1241 succa
917 1209 1070 1241 minerales
1083 1232 1092 1245 ,
1112 1209 1277 1252 plantarum

43 1256 145 1287 itidem
165 1256 259 1290 succi,
277 1255 376 1295 chylus
398 1257 428 1285 in
448 1254 638 1285 animantibus
664 1252 829 1285 firmitatem
847 1257 876 1285 &
903 1253 1073 1284 soliditattm
1097 1253 1276 1295 consequun-

41 1309 100 1330 tur.
134 1301 214 1330 Hinc
233 1298 305 1328 succi
324 1295 461 1340 lapidifici
482 1301 509 1328 in
529 1301 635 1341 cryptis
653 1300 683 1328 &
701 1296 849 1327 nonnullis
871 1296 1008 1328 fontibus.
1035 1298 1081 1327 Sic
1098 1296 1275 1328 Marchnfitae

45 1342 91 1373 seu
107 1342 201 1385 glebae
215 1341 362 1372 metallica:
385 1340 509 1370 contusae
523 1352 641 1384 vapores
661 1343 733 1370 a‘e'ris
747 1338 910 1371 circumfusi
925 1339 1101 1370 condensant
1117 1342 1146 1370 &
1164 1338 1217 1370 sale
1234 1343 1273 1371 vi-

43 1385 159 1416 trioh‘co
179 1389 401 1428 imptaegnantur
416 1408 426 1421 ,
444 1386 485 1413 uri
504 1383 550 1413 suo
574 1383 638 1414 loco
651 1383 785 1415 diximus.
811 1383 923 1414 Plantas
933 1394 967 1413 ex
989 1395 1001 1412 a
1025 1394 1057 1412 ua
1077 1381 1195 1425 pluviali
1220 1395 1272 1414 nu·

44 1431 105 1459 triti
124 1432 152 1459 &
178 1427 325 1470 augescere
340 1449 349 1461 ‚
366 1425 475 1456 celebre
489 1425 560 1456 illud
580 1427 746 1457 Helmontii
761 1430 987 1468 experimentum
1022 1437 1066 1455 cre
1081 1425 1272 1462 demonstrat,

43 1471 129 1514 idque
149 1469 179 1502 fit
199 1483 248 1513 per
266 1468 492 1511 coagulationem
516 1469 782 1500 transmutatricem.
805 1468 896 1510 Qod
918 1472 947 1498 in
964 1467 1133 1511 quibusdam
1151 1468 1272 1508 piscibus

43 1518 92 1557 qui
106 1526 138 1545 ex
160 1525 230 1556 aqua
246 1512 303 1544 sola
320 1516 422 1544 vivunt
438 1522 468 1541 ut
486 1511 580 1543 eidem
604 1512 694 1555 placet
710 1513 827 1542 auctori.
865 1513 904 1541 Ex
921 1514 1025 1553 viperis
1040 1522 1102 1553 qux
1117 1508 1184 1540 vafis
1200 1522 1272 1541 con-

43 1557 126 1588 clusae
138 1556 308 1600 pet'aliquot
328 1555 437 1585 menses
455 1566 489 1585 ex
507 1557 571 1586 ae're
592 1559 753 1586 nutriuntur
767 1576 777 1589 ‚
796 1552 962 1585 confirmati
983 1555 1081 1596 potest.

89 1604 126 1631 V.
162 1601 252 1641 Qod
272 1599 396 1641 superius
414 1597 450 1628 de
468 1609 547 1639 aquae
567 1602 727 1629 communis
748 1602 776 1629 in
803 1596 926 1639 lapidem
943 1595 1178 1628 transmutatione
1202 1598 1269 1629 alla-

43 1654 105 1675 tum
126 1645 163 1673 cst
177 1646 402 1686 experimentum
420 1663 427 1674 ‚
448 1641 580 1671 nonnihil
603 1641 672 1672 lucis
691 1642 757 1671 huic
775 1640 947 1682 explicanda:
964 1639 1155 1681 coagulationi
1171 1641 1270 1672 afferre

42 1687 141 1729 potest.
174 1687 221 1716 Sic
240 1696 310 1728 aqua
322 1686 521 1714 communisin
538 1684 613 1715 calce
630 1688 695 1716 viva
712 1683 873 1726 lapidescit,
896 1685 923 1713 vi
944 1681 1083 1726 sulphuris
1099 1684 1176 1725 quod
1196 1687 1269 1727 ignis

42 1729 143 1760 ardore
164 1729 217 1759 fuit
235 1729 388 1758 exaltatum
410 1741 416 1758 z
438 1726 543 1757 calcem
561 1731 636 1758 enim
651 1727 703 1758 sale
725 1727 876 1770 sulphureo
895 1724 995 1756 foetam
1011 1725 1078 1756 binc
1095 1725 1267 1768 colligimus.

43 1771 122 1813 quod
146 1771 292 1814 sulphurea
316 1774 434 1812 quaeque
455 1771 604 1801 mineralia
624 1769 757 1802 dissolvat
772 1795 779 1804 ,
799 1773 829 1800 δε
849 1771 930 1800 tertis
949 1767 1124 1799 fertilitatem
1148 1769 1267 1805 afferat,

43 1814 116 1844 adeo
128 1825 158 1844 ut
178 1816 252 1856 ignei
266 1814 374 1857 spiritus
388 1836 397 1849 ‚
417 1816 464 1855 qui
481 1816 508 1843 in
525 1814 607 1844 rebus
622 1814 776 1857 sulphureis
789 1812 974 1843 dominantur
984 1810 1195 1854 coagulationes
1206 1812 1268 1844 illas

42 1858 277 1888 transmutatrices
295 1855 403 1887 efficere
424 1855 584 1888 videantur.
909 1866 912 1869 ’

86 1899 195 1930 Placuit
215 1903 327 1930 interim
343 1911 372 1929 ea
387 1902 554 1940 pertrastare
565 1923 574 1936 ‚
597 1911 658 1943 quac
674 1911 707 1930 ex
722 1898 839 1941 Physica
853 1901 884 1931 δε
902 1898 1024 1930 Mathefi
1037 1902 1127 1929 mixta
1140 1920 1149 1933 ,
1165 1896 1268 1928 utrius-

44 1954 98 1986 que
124 1946 243 1973 scientiae
264 1945 407 1986 principiis
433 1945 602 1976 innituntur.
635 1945 731 1986 Hujus
756 1945 867 1985 generis
890 1941 953 1972 sunt
973 1943 1090 1979 statica,
1116 1952 1177 1984 quae
1197 1944 1268 1970 circa

44 1996 198 2028 corporum
211 1989 377 2028 gravitatem
391 1985 541 2018 versantur.
565 1986 642 2017 Illud
658 1989 800 2029 imprimis
819 1986 905 2030 longe
918 1988 1050 2017 omnium
1066 1983 1267 2016 difficillimum

46 2027 100 2061 fuit
116 2032 250 2073 agitatum
263 2054 272 2070 ‚
290 2038 353 2072 qua:
368 2027 399 2060 sit
414 2028 492 2061 causa
512 2029 659 2063 descensus
674 2032 816 2074 gravium.
