<?xml version="1.0" encoding="UTF-8"?>
<!DOCTYPE html PUBLIC "-//W3C//DTD XHTML 1.0 Transitional//EN"
    "http://www.w3.org/TR/xhtml1/DTD/xhtml1-transitional.dtd">
<html xmlns="http://www.w3.org/1999/xhtml" xml:lang="en" lang="en">
 <head>
  <title>
</title>
<meta http-equiv="Content-Type" content="text/html;charset=utf-8" />
  <meta name='ocr-system' content='tesseract 3.04.00' />
  <meta name='ocr-capabilities' content='ocr_page ocr_carea ocr_par ocr_line ocrx_word'/>
</head>
<body>
  <div class='ocr_page' id='page_1' title='image "./regiscientiaru98duha_0078.png"; bbox 0 0 1638 2345; ppageno 0'>
   <div class='ocr_carea' id='block_1_1' title="bbox 195 159 288 237">
    <p class='ocr_par' dir='ltr' id='par_1_1' title="bbox 195 159 288 237">
     <span class='ocr_line' id='line_1_1' title="bbox 197 159 286 188; baseline 0.011 -1"><span class='ocrx_word' id='word_1_1' title='bbox 197 159 286 188; x_wconf 62' lang='lat' dir='ltr'>Arm.</span> 
     </span>
     <span class='ocr_line' id='line_1_2' title="bbox 195 207 288 237; baseline 0.011 -7"><span class='ocrx_word' id='word_1_2' title='bbox 195 207 267 237; x_wconf 79' lang='lat'>1669</span> <span class='ocrx_word' id='word_1_3' title='bbox 282 225 288 231; x_wconf 92' lang='lat'><em>.</em></span> 
     </span>
    </p>
   </div>
   <div class='ocr_carea' id='block_1_2' title="bbox 304 111 1544 852">
    <p class='ocr_par' dir='ltr' id='par_1_2' title="bbox 305 111 1180 156">
     <span class='ocr_line' id='line_1_3' title="bbox 305 111 1180 156; baseline 0 -12"><span class='ocrx_word' id='word_1_4' title='bbox 305 118 340 156; x_wconf 82' lang='lat'>56</span> <span class='ocrx_word' id='word_1_5' title='bbox 574 113 741 147; x_wconf 81' lang='lat' dir='ltr'>REGIAE</span> <span class='ocrx_word' id='word_1_6' title='bbox 784 111 1180 146; x_wconf 80' lang='lat' dir='ltr'>SCIENTIARUM</span> 
     </span>
    </p>

    <p class='ocr_par' dir='ltr' id='par_1_3' title="bbox 304 156 1544 763">
     <span class='ocr_line' id='line_1_4' title="bbox 349 156 1538 200; baseline 0.002 -13"><span class='ocrx_word' id='word_1_7' title='bbox 349 159 412 188; x_wconf 92' lang='lat' dir='ltr'>VI.</span> <span class='ocrx_word' id='word_1_8' title='bbox 447 156 524 188; x_wconf 87' lang='lat' dir='ltr'>Illud</span> <span class='ocrx_word' id='word_1_9' title='bbox 546 170 610 189; x_wconf 84' lang='lat' dir='ltr'>cum</span> <span class='ocrx_word' id='word_1_10' title='bbox 637 157 792 188; x_wconf 82' lang='lat' dir='ltr'>Prolemaeo</span> <span class='ocrx_word' id='word_1_11' title='bbox 815 156 908 187; x_wconf 76' lang='lat' dir='ltr'>statuit</span> <span class='ocrx_word' id='word_1_12' title='bbox 934 156 1109 199; x_wconf 82' lang='lat' dir='ltr'>superiorum</span> <span class='ocrx_word' id='word_1_13' title='bbox 1124 156 1303 200; x_wconf 81' lang='lat' dir='ltr'>planetarum</span> <span class='ocrx_word' id='word_1_14' title='bbox 1319 167 1414 188; x_wconf 85' lang='lat' dir='ltr'>motus</span> <span class='ocrx_word' id='word_1_15' title='bbox 1431 156 1465 188; x_wconf 84' lang='lat' dir='ltr'>ad</span> <span class='ocrx_word' id='word_1_16' title='bbox 1483 167 1538 189; x_wconf 79' lang='lat' dir='ltr'>tres</span> 
     </span>
     <span class='ocr_line' id='line_1_5' title="bbox 305 199 1539 244; baseline 0 -13"><span class='ocrx_word' id='word_1_17' title='bbox 305 200 426 233; x_wconf 86' lang='lat' dir='ltr'>circulos</span> <span class='ocrx_word' id='word_1_18' title='bbox 451 201 571 243; x_wconf 76' lang='lat' dir='ltr'>aequales</span> <span class='ocrx_word' id='word_1_19' title='bbox 593 200 714 235; x_wconf 85' lang='lat' dir='ltr'>referri,</span> <span class='ocrx_word' id='word_1_20' title='bbox 739 199 775 230; x_wconf 84' lang='lat' dir='ltr'>ad</span> <span class='ocrx_word' id='word_1_21' title='bbox 792 203 1005 231; x_wconf 86' lang='lat' dir='ltr'>concentricum</span> <span class='ocrx_word' id='word_1_22' title='bbox 1018 222 1028 235; x_wconf 94' lang='lat'>‚</span> <span class='ocrx_word' id='word_1_23' title='bbox 1047 203 1240 232; x_wconf 88' lang='lat' dir='ltr'>excentricum</span> <span class='ocrx_word' id='word_1_24' title='bbox 1253 223 1261 235; x_wconf 89' lang='lat'>‚</span> <span class='ocrx_word' id='word_1_25' title='bbox 1283 203 1313 231; x_wconf 85' lang='lat'>&amp;</span> <span class='ocrx_word' id='word_1_26' title='bbox 1332 204 1446 232; x_wconf 89' lang='lat' dir='ltr'>tertium</span> <span class='ocrx_word' id='word_1_27' title='bbox 1460 226 1468 239; x_wconf 87' lang='lat'>‚</span> <span class='ocrx_word' id='word_1_28' title='bbox 1489 203 1539 244; x_wconf 90' lang='lat' dir='ltr'>qui</span> 
     </span>
     <span class='ocr_line' id='line_1_6' title="bbox 309 241 1541 287; baseline 0 -13"><span class='ocrx_word' id='word_1_29' title='bbox 309 256 420 287; x_wconf 78' lang='lat' dir='ltr'>aequans</span> <span class='ocrx_word' id='word_1_30' title='bbox 434 243 491 275; x_wconf 86' lang='lat' dir='ltr'>dici</span> <span class='ocrx_word' id='word_1_31' title='bbox 512 243 581 275; x_wconf 75' lang='lat' dir='ltr'>solet</span> <span class='ocrx_word' id='word_1_32' title='bbox 605 258 611 275; x_wconf 90' lang='lat'>:</span> <span class='ocrx_word' id='word_1_33' title='bbox 633 244 678 275; x_wconf 71' lang='lat' dir='ltr'>scd</span> <span class='ocrx_word' id='word_1_34' title='bbox 696 245 750 274; x_wconf 89' lang='lat' dir='ltr'>hoc</span> <span class='ocrx_word' id='word_1_35' title='bbox 771 242 888 283; x_wconf 82' lang='lat' dir='ltr'>systema</span> <span class='ocrx_word' id='word_1_36' title='bbox 903 241 1024 287; x_wconf 83' lang='lat' dir='ltr'>planetis</span> <span class='ocrx_word' id='word_1_37' title='bbox 1043 242 1226 274; x_wconf 83' lang='lat' dir='ltr'>inferioribus</span> <span class='ocrx_word' id='word_1_38' title='bbox 1240 254 1318 286; x_wconf 72' lang='lat' dir='ltr'>aeque</span> <span class='ocrx_word' id='word_1_39' title='bbox 1333 255 1364 274; x_wconf 85' lang='lat' dir='ltr'>ac</span> <span class='ocrx_word' id='word_1_40' title='bbox 1385 244 1541 287; x_wconf 82' lang='lat' dir='ltr'>superiori-</span> 
     </span>
     <span class='ocr_line' id='line_1_7' title="bbox 308 284 1539 331; baseline 0 -13"><span class='ocrx_word' id='word_1_41' title='bbox 308 286 361 318; x_wconf 83' lang='lat' dir='ltr'>bus</span> <span class='ocrx_word' id='word_1_42' title='bbox 384 290 472 331; x_wconf 81' lang='lat' dir='ltr'>aptari</span> <span class='ocrx_word' id='word_1_43' title='bbox 494 286 569 331; x_wconf 81' lang='lat' dir='ltr'>posse</span> <span class='ocrx_word' id='word_1_44' title='bbox 592 287 753 318; x_wconf 72' lang='lat' dir='ltr'>contendit.</span> <span class='ocrx_word' id='word_1_45' title='bbox 787 284 863 317; x_wconf 91' lang='lat' dir='ltr'>Illud</span> <span class='ocrx_word' id='word_1_46' title='bbox 885 296 1000 329; x_wconf 87' lang='lat' dir='ltr'>quoque</span> <span class='ocrx_word' id='word_1_47' title='bbox 1019 285 1097 317; x_wconf 82' lang='lat' dir='ltr'>addit</span> <span class='ocrx_word' id='word_1_48' title='bbox 1123 297 1235 318; x_wconf 87' lang='lat' dir='ltr'>motum</span> <span class='ocrx_word' id='word_1_49' title='bbox 1261 290 1413 318; x_wconf 88' lang='lat' dir='ltr'>excentrici</span> <span class='ocrx_word' id='word_1_50' title='bbox 1430 286 1539 318; x_wconf 80' lang='lat' dir='ltr'>absolvi</span> 
     </span>
     <span class='ocr_line' id='line_1_8' title="bbox 307 330 1541 374; baseline 0 -13"><span class='ocrx_word' id='word_1_51' title='bbox 307 342 357 373; x_wconf 87' lang='lat' dir='ltr'>per</span> <span class='ocrx_word' id='word_1_52' title='bbox 376 330 480 361; x_wconf 91' lang='lat' dir='ltr'>lineam</span> <span class='ocrx_word' id='word_1_53' title='bbox 499 330 657 374; x_wconf 83' lang='lat' dir='ltr'>ellipticam</span> <span class='ocrx_word' id='word_1_54' title='bbox 677 353 686 366; x_wconf 94' lang='lat'>‚</span> <span class='ocrx_word' id='word_1_55' title='bbox 713 341 774 371; x_wconf 73' lang='lat' dir='ltr'>qua:</span> <span class='ocrx_word' id='word_1_56' title='bbox 803 331 877 360; x_wconf 83' lang='lat' dir='ltr'>inter</span> <span class='ocrx_word' id='word_1_57' title='bbox 895 332 1069 360; x_wconf 85' lang='lat' dir='ltr'>concenrrici</span> <span class='ocrx_word' id='word_1_58' title='bbox 1094 333 1125 361; x_wconf 90' lang='lat'>&amp;</span> <span class='ocrx_word' id='word_1_59' title='bbox 1146 332 1280 374; x_wconf 68' lang='lat' dir='ltr'>mquantis</span> <span class='ocrx_word' id='word_1_60' title='bbox 1298 330 1541 361; x_wconf 73' lang='lat' dir='ltr'>circumferentias</span> 
     </span>
     <span class='ocr_line' id='line_1_9' title="bbox 306 371 1542 417; baseline -0.001 -13"><span class='ocrx_word' id='word_1_61' title='bbox 306 374 344 405; x_wconf 82' lang='lat' dir='ltr'>sic</span> <span class='ocrx_word' id='word_1_62' title='bbox 380 372 540 417; x_wconf 79' lang='lat' dir='ltr'>regreditur</span> <span class='ocrx_word' id='word_1_63' title='bbox 555 399 565 413; x_wconf 86' lang='lat'>‚</span> <span class='ocrx_word' id='word_1_64' title='bbox 586 385 615 404; x_wconf 92' lang='lat' dir='ltr'>ut</span> <span class='ocrx_word' id='word_1_65' title='bbox 631 385 731 404; x_wconf 79' lang='lat' dir='ltr'>corum</span> <span class='ocrx_word' id='word_1_66' title='bbox 747 383 842 403; x_wconf 84' lang='lat' dir='ltr'>centra</span> <span class='ocrx_word' id='word_1_67' title='bbox 866 371 918 402; x_wconf 84' lang='lat' dir='ltr'>fint</span> <span class='ocrx_word' id='word_1_68' title='bbox 938 371 986 416; x_wconf 85' lang='lat' dir='ltr'>ipsi</span> <span class='ocrx_word' id='word_1_69' title='bbox 1003 371 1133 416; x_wconf 76' lang='lat' dir='ltr'>ellipseos</span> <span class='ocrx_word' id='word_1_70' title='bbox 1156 374 1237 409; x_wconf 87' lang='lat' dir='ltr'>foci,</span> <span class='ocrx_word' id='word_1_71' title='bbox 1258 384 1400 416; x_wconf 87' lang='lat' dir='ltr'>quamque</span> <span class='ocrx_word' id='word_1_72' title='bbox 1418 377 1542 404; x_wconf 89' lang='lat' dir='ltr'>circum-</span> 
     </span>
     <span class='ocr_line' id='line_1_10' title="bbox 307 387 1543 460; baseline -0.002 -13"><span class='ocrx_word' id='word_1_73' title='bbox 307 387 400 448; x_wconf 62' lang='lat' dir='ltr'>scrihit</span> <span class='ocrx_word' id='word_1_74' title='bbox 415 419 593 448; x_wconf 84' lang='lat' dir='ltr'>excentricus</span> <span class='ocrx_word' id='word_1_75' title='bbox 615 416 766 448; x_wconf 78' lang='lat' dir='ltr'>Ptolomoei</span> <span class='ocrx_word' id='word_1_76' title='bbox 782 414 914 448; x_wconf 79' lang='lat' dir='ltr'>circulus.</span> <span class='ocrx_word' id='word_1_77' title='bbox 949 416 1101 460; x_wconf 81' lang='lat' dir='ltr'>Postquam</span> <span class='ocrx_word' id='word_1_78' title='bbox 1119 427 1187 447; x_wconf 88' lang='lat' dir='ltr'>veto</span> <span class='ocrx_word' id='word_1_79' title='bbox 1208 416 1302 459; x_wconf 85' lang='lat' dir='ltr'>plures</span> <span class='ocrx_word' id='word_1_80' title='bbox 1325 420 1354 448; x_wconf 70' lang='grc' dir='ltr'>ὅ(</span> <span class='ocrx_word' id='word_1_81' title='bbox 1374 419 1491 447; x_wconf 81' lang='lat' dir='ltr'>eximias</span> <span class='ocrx_word' id='word_1_82' title='bbox 1507 415 1543 446; x_wconf 87' lang='lat' dir='ltr'>fi-</span> 
     </span>
     <span class='ocr_line' id='line_1_11' title="bbox 304 457 1543 504; baseline -0.001 -13"><span class='ocrx_word' id='word_1_83' title='bbox 304 471 382 502; x_wconf 78' lang='lat' dir='ltr'>gutae</span> <span class='ocrx_word' id='word_1_84' title='bbox 406 459 538 504; x_wconf 76' lang='lat' dir='ltr'>ellipticae</span> <span class='ocrx_word' id='word_1_85' title='bbox 567 471 631 490; x_wconf 82' lang='lat' dir='ltr'>cum</span> <span class='ocrx_word' id='word_1_86' title='bbox 658 462 692 491; x_wconf 83' lang='lat' dir='ltr'>iis</span> <span class='ocrx_word' id='word_1_87' title='bbox 715 458 830 490; x_wconf 83' lang='lat' dir='ltr'>circulis</span> <span class='ocrx_word' id='word_1_88' title='bbox 851 457 962 490; x_wconf 76' lang='lat' dir='ltr'>collatae</span> <span class='ocrx_word' id='word_1_89' title='bbox 983 463 1167 502; x_wconf 80' lang='lat' dir='ltr'>proprietates</span> <span class='ocrx_word' id='word_1_90' title='bbox 1188 459 1392 490; x_wconf 82' lang='lat' dir='ltr'>demonstravit</span> <span class='ocrx_word' id='word_1_91' title='bbox 1416 482 1425 496; x_wconf 96' lang='lat'><strong><em>,</em></strong></span> <span class='ocrx_word' id='word_1_92' title='bbox 1452 471 1485 490; x_wconf 85' lang='lat' dir='ltr'>ex</span> <span class='ocrx_word' id='word_1_93' title='bbox 1510 463 1543 491; x_wconf 84' lang='lat' dir='ltr'>iis</span> 
     </span>
     <span class='ocr_line' id='line_1_12' title="bbox 307 501 1543 546; baseline 0 -12"><span class='ocrx_word' id='word_1_94' title='bbox 307 505 489 535; x_wconf 72' lang='lat' dir='ltr'>Geometrica</span> <span class='ocrx_word' id='word_1_95' title='bbox 516 506 547 534; x_wconf 69' lang='grc' dir='ltr'>ὅ(</span> <span class='ocrx_word' id='word_1_96' title='bbox 576 502 684 534; x_wconf 59' lang='lat' dir='ltr'>directa</span> <span class='ocrx_word' id='word_1_97' title='bbox 709 501 848 533; x_wconf 86' lang='lat' dir='ltr'>methodo</span> <span class='ocrx_word' id='word_1_98' title='bbox 867 501 1040 532; x_wconf 80' lang='lat' dir='ltr'>determinat</span> <span class='ocrx_word' id='word_1_99' title='bbox 1061 513 1127 532; x_wconf 90' lang='lat' dir='ltr'>cum</span> <span class='ocrx_word' id='word_1_100' title='bbox 1155 501 1275 546; x_wconf 85' lang='lat' dir='ltr'>elliptici</span> <span class='ocrx_word' id='word_1_101' title='bbox 1290 528 1298 542; x_wconf 84' lang='lat'>,</span> <span class='ocrx_word' id='word_1_102' title='bbox 1321 514 1381 534; x_wconf 89' lang='lat' dir='ltr'>tum</span> <span class='ocrx_word' id='word_1_103' title='bbox 1399 502 1543 534; x_wconf 75' lang='lat' dir='ltr'>circularis</span> 
     </span>
     <span class='ocr_line' id='line_1_13' title="bbox 305 543 1542 591; baseline -0.001 -13"><span class='ocrx_word' id='word_1_104' title='bbox 305 547 484 591; x_wconf 83' lang='lat' dir='ltr'>planetarum</span> <span class='ocrx_word' id='word_1_105' title='bbox 507 545 606 576; x_wconf 71' lang='lat' dir='ltr'>morsis</span> <span class='ocrx_word' id='word_1_106' title='bbox 633 545 805 588; x_wconf 84' lang='lat' dir='ltr'>hypotheses</span> <span class='ocrx_word' id='word_1_107' title='bbox 832 558 839 576; x_wconf 84' lang='lat'>;</span> <span class='ocrx_word' id='word_1_108' title='bbox 872 543 957 587; x_wconf 85' lang='lat' dir='ltr'>idque</span> <span class='ocrx_word' id='word_1_109' title='bbox 980 555 1022 576; x_wconf 95' lang='lat' dir='ltr'>tot</span> <span class='ocrx_word' id='word_1_110' title='bbox 1051 545 1264 576; x_wconf 86' lang='lat' dir='ltr'>observationes</span> <span class='ocrx_word' id='word_1_111' title='bbox 1286 568 1296 582; x_wconf 93' lang='lat'><em>‚</em></span> <span class='ocrx_word' id='word_1_112' title='bbox 1329 557 1399 589; x_wconf 88' lang='lat' dir='ltr'>quot</span> <span class='ocrx_word' id='word_1_113' title='bbox 1427 545 1542 577; x_wconf 84' lang='lat' dir='ltr'>libuerit</span> 
     </span>
     <span class='ocr_line' id='line_1_14' title="bbox 305 586 1544 631; baseline 0 -11"><span class='ocrx_word' id='word_1_114' title='bbox 305 589 492 628; x_wconf 85' lang='lat' dir='ltr'>adhibendo,</span> <span class='ocrx_word' id='word_1_115' title='bbox 509 589 604 619; x_wconf 66' lang='lat' dir='ltr'>dustis</span> <span class='ocrx_word' id='word_1_116' title='bbox 625 588 709 620; x_wconf 86' lang='lat' dir='ltr'>lineis</span> <span class='ocrx_word' id='word_1_117' title='bbox 724 590 808 620; x_wconf 73' lang='lat' dir='ltr'>reffis</span> <span class='ocrx_word' id='word_1_118' title='bbox 827 589 897 619; x_wconf 85' lang='lat' dir='ltr'>citra</span> <span class='ocrx_word' id='word_1_119' title='bbox 915 586 1002 619; x_wconf 83' lang='lat' dir='ltr'>ullius</span> <span class='ocrx_word' id='word_1_120' title='bbox 1016 588 1115 619; x_wconf 86' lang='lat' dir='ltr'>circuli</span> <span class='ocrx_word' id='word_1_121' title='bbox 1138 600 1234 631; x_wconf 88' lang='lat' dir='ltr'>opem.</span> <span class='ocrx_word' id='word_1_122' title='bbox 1271 590 1356 619; x_wconf 86' lang='lat' dir='ltr'>Hanc</span> <span class='ocrx_word' id='word_1_123' title='bbox 1371 589 1544 620; x_wconf 88' lang='lat' dir='ltr'>methodum</span> 
     </span>
     <span class='ocr_line' id='line_1_15' title="bbox 306 630 1543 676; baseline 0.001 -13"><span class='ocrx_word' id='word_1_124' title='bbox 306 632 440 676; x_wconf 84' lang='lat' dir='ltr'>exemplo</span> <span class='ocrx_word' id='word_1_125' title='bbox 461 632 611 663; x_wconf 82' lang='lat' dir='ltr'>illustravit</span> <span class='ocrx_word' id='word_1_126' title='bbox 633 654 642 668; x_wconf 93' lang='lat'>‚</span> <span class='ocrx_word' id='word_1_127' title='bbox 674 636 703 663; x_wconf 85' lang='lat' dir='ltr'>in</span> <span class='ocrx_word' id='word_1_128' title='bbox 726 630 951 663; x_wconf 80' lang='lat' dir='ltr'>determinandis</span> <span class='ocrx_word' id='word_1_129' title='bbox 969 641 1069 662; x_wconf 89' lang='lat' dir='ltr'>centro</span> <span class='ocrx_word' id='word_1_130' title='bbox 1090 654 1100 667; x_wconf 90' lang='lat'>,</span> <span class='ocrx_word' id='word_1_131' title='bbox 1121 635 1149 662; x_wconf 71' lang='grc' dir='ltr'>ὅ(</span> <span class='ocrx_word' id='word_1_132' title='bbox 1173 643 1222 662; x_wconf 86' lang='lat' dir='ltr'>axe</span> <span class='ocrx_word' id='word_1_133' title='bbox 1238 631 1341 663; x_wconf 79' lang='lat' dir='ltr'>orbitae</span> <span class='ocrx_word' id='word_1_134' title='bbox 1365 631 1543 674; x_wconf 77' lang='lat' dir='ltr'>planetarum</span> 
     </span>
     <span class='ocr_line' id='line_1_16' title="bbox 306 673 1543 719; baseline -0.001 -12"><span class='ocrx_word' id='word_1_135' title='bbox 306 679 384 718; x_wconf 83' lang='lat' dir='ltr'>juxta</span> <span class='ocrx_word' id='word_1_136' title='bbox 408 674 588 719; x_wconf 74' lang='lat' dir='ltr'>hypothesim</span> <span class='ocrx_word' id='word_1_137' title='bbox 611 675 766 718; x_wconf 85' lang='lat' dir='ltr'>ellipricam</span> <span class='ocrx_word' id='word_1_138' title='bbox 781 697 791 710; x_wconf 84' lang='lat'><em>‚</em></span> <span class='ocrx_word' id='word_1_139' title='bbox 815 673 908 718; x_wconf 82' lang='lat' dir='ltr'>posito</span> <span class='ocrx_word' id='word_1_140' title='bbox 932 673 1012 717; x_wconf 89' lang='lat' dir='ltr'>quod</span> <span class='ocrx_word' id='word_1_141' title='bbox 1031 674 1101 706; x_wconf 84' lang='lat' dir='ltr'>alter</span> <span class='ocrx_word' id='word_1_142' title='bbox 1119 676 1133 705; x_wconf 79' lang='grc' dir='ltr'>ὲ</span> <span class='ocrx_word' id='word_1_143' title='bbox 1154 674 1225 706; x_wconf 83' lang='lat' dir='ltr'>focis</span> <span class='ocrx_word' id='word_1_144' title='bbox 1245 674 1276 706; x_wconf 85' lang='lat' dir='ltr'>fit</span> <span class='ocrx_word' id='word_1_145' title='bbox 1294 686 1424 707; x_wconf 87' lang='lat' dir='ltr'>centrum</span> <span class='ocrx_word' id='word_1_146' title='bbox 1447 686 1543 707; x_wconf 87' lang='lat' dir='ltr'>motus</span> 
     </span>
     <span class='ocr_line' id='line_1_17' title="bbox 308 717 1024 763; baseline -0.003 -13"><span class='ocrx_word' id='word_1_147' title='bbox 308 722 467 763; x_wconf 83' lang='lat' dir='ltr'>apparentis</span> <span class='ocrx_word' id='word_1_148' title='bbox 485 741 495 754; x_wconf 92' lang='lat'>,</span> <span class='ocrx_word' id='word_1_149' title='bbox 523 717 593 750; x_wconf 87' lang='lat' dir='ltr'>alter</span> <span class='ocrx_word' id='word_1_150' title='bbox 608 718 642 750; x_wconf 84' lang='lat' dir='ltr'>fit</span> <span class='ocrx_word' id='word_1_151' title='bbox 657 719 743 750; x_wconf 89' lang='lat' dir='ltr'>medii</span> <span class='ocrx_word' id='word_1_152' title='bbox 766 717 864 749; x_wconf 71' lang='lat' dir='ltr'>motus</span> <span class='ocrx_word' id='word_1_153' title='bbox 883 727 1024 748; x_wconf 87' lang='lat' dir='ltr'>centrum.</span> 
     </span>
    </p>

    <p class='ocr_par' dir='ltr' id='par_1_4' title="bbox 309 760 1543 852">
     <span class='ocr_line' id='line_1_18' title="bbox 360 760 1542 806; baseline -0.001 -12"><span class='ocrx_word' id='word_1_154' title='bbox 360 766 387 794; x_wconf 92' lang='lat' dir='ltr'>V</span> <span class='ocrx_word' id='word_1_155' title='bbox 402 764 452 794; x_wconf 87' lang='lat'>11.</span> <span class='ocrx_word' id='word_1_156' title='bbox 486 763 630 795; x_wconf 75' lang='lat' dir='ltr'>Ponamus</span> <span class='ocrx_word' id='word_1_157' title='bbox 645 765 742 806; x_wconf 83' lang='lat' dir='ltr'>itaque</span> <span class='ocrx_word' id='word_1_158' title='bbox 759 760 860 793; x_wconf 89' lang='lat' dir='ltr'>circuli</span> <span class='ocrx_word' id='word_1_159' title='bbox 877 763 1052 791; x_wconf 85' lang='lat' dir='ltr'>concentriei</span> <span class='ocrx_word' id='word_1_160' title='bbox 1071 771 1201 792; x_wconf 90' lang='lat' dir='ltr'>centrum</span> <span class='ocrx_word' id='word_1_161' title='bbox 1223 763 1246 792; x_wconf 88' lang='lat' dir='ltr'>L</span> <span class='ocrx_word' id='word_1_162' title='bbox 1261 783 1271 797; x_wconf 92' lang='lat'>,</span> <span class='ocrx_word' id='word_1_163' title='bbox 1295 772 1327 791; x_wconf 85' lang='lat' dir='ltr'>ac</span> <span class='ocrx_word' id='word_1_164' title='bbox 1354 760 1435 804; x_wconf 78' lang='lat' dir='ltr'>plura</span> <span class='ocrx_word' id='word_1_165' title='bbox 1457 765 1486 793; x_wconf 90' lang='lat' dir='ltr'>in</span> <span class='ocrx_word' id='word_1_166' title='bbox 1507 773 1542 793; x_wconf 86' lang='lat' dir='ltr'>eo</span> 
     </span>
     <span class='ocr_line' id='line_1_19' title="bbox 309 803 1543 852; baseline -0.001 -14"><span class='ocrx_word' id='word_1_167' title='bbox 309 806 418 838; x_wconf 82' lang='lat' dir='ltr'>circulo</span> <span class='ocrx_word' id='word_1_168' title='bbox 436 805 499 838; x_wconf 81' lang='lat' dir='ltr'>loca</span> <span class='ocrx_word' id='word_1_169' title='bbox 517 805 637 849; x_wconf 80' lang='lat' dir='ltr'>planeta:</span> <span class='ocrx_word' id='word_1_170' title='bbox 655 808 818 852; x_wconf 75' lang='lat' dir='ltr'>apparentia</span> <span class='ocrx_word' id='word_1_171' title='bbox 840 807 866 836; x_wconf 99' lang='lat' dir='ltr'>A</span> <span class='ocrx_word' id='word_1_172' title='bbox 879 826 888 840; x_wconf 94' lang='lat'><em>,</em></span> <span class='ocrx_word' id='word_1_173' title='bbox 911 805 932 835; x_wconf 88' lang='lat' dir='ltr'>B</span> <span class='ocrx_word' id='word_1_174' title='bbox 946 826 957 840; x_wconf 90' lang='lat'><em>,</em></span> <span class='ocrx_word' id='word_1_175' title='bbox 977 804 1007 836; x_wconf 90' lang='lat' dir='ltr'><strong>C</strong></span> <span class='ocrx_word' id='word_1_176' title='bbox 1021 827 1031 840; x_wconf 95' lang='lat'><em>‚</em></span> <span class='ocrx_word' id='word_1_177' title='bbox 1052 804 1073 835; x_wconf 89' lang='lat' dir='ltr'>P</span> <span class='ocrx_word' id='word_1_178' title='bbox 1087 826 1097 840; x_wconf 92' lang='lat'><em>‚</em></span> <span class='ocrx_word' id='word_1_179' title='bbox 1124 807 1153 836; x_wconf 73' lang='grc' dir='ltr'>δι</span> <span class='ocrx_word' id='word_1_180' title='bbox 1170 815 1241 849; x_wconf 87' lang='lat' dir='ltr'>quot</span> <span class='ocrx_word' id='word_1_181' title='bbox 1255 803 1372 837; x_wconf 81' lang='lat' dir='ltr'>libuerit</span> <span class='ocrx_word' id='word_1_182' title='bbox 1384 804 1460 838; x_wconf 82' lang='lat' dir='ltr'>alia:</span> <span class='ocrx_word' id='word_1_183' title='bbox 1477 804 1543 837; x_wconf 80' lang='lat' dir='ltr'>data</span> 
     </span>
    </p>
   </div>
   <div class='ocr_carea' id='block_1_3' title="bbox 620 945 1231 1730">
    <p class='ocr_par' dir='ltr' id='par_1_5' title="bbox 620 945 1231 1730">
     <span class='ocr_line' id='line_1_20' title="bbox 620 945 1231 1730; baseline 0 615"><span class='ocrx_word' id='word_1_184' title='bbox 620 945 1231 1730; x_wconf 95' lang='lat' dir='ltr'> </span> 
     </span>
    </p>
   </div>
   <div class='ocr_carea' id='block_1_4' title="bbox 308 1800 1544 2148">
    <p class='ocr_par' dir='ltr' id='par_1_6' title="bbox 308 1800 1544 2148">
     <span class='ocr_line' id='line_1_21' title="bbox 309 1800 1542 1846; baseline 0.001 -13"><span class='ocrx_word' id='word_1_185' title='bbox 309 1810 422 1846; x_wconf 88' lang='lat' dir='ltr'>quoque</span> <span class='ocrx_word' id='word_1_186' title='bbox 439 1801 492 1833; x_wconf 82' lang='lat' dir='ltr'>sint</span> <span class='ocrx_word' id='word_1_187' title='bbox 508 1800 656 1833; x_wconf 80' lang='lat' dir='ltr'>intervalla</span> <span class='ocrx_word' id='word_1_188' title='bbox 673 1802 837 1845; x_wconf 80' lang='lat' dir='ltr'>apparentia</span> <span class='ocrx_word' id='word_1_189' title='bbox 852 1800 877 1830; x_wconf 89' lang='lat' dir='ltr'>A</span> <span class='ocrx_word' id='word_1_190' title='bbox 891 1802 912 1831; x_wconf 88' lang='grc' dir='ltr'>Β</span> <span class='ocrx_word' id='word_1_191' title='bbox 924 1823 934 1836; x_wconf 90' lang='grc'><em>,</em></span> <span class='ocrx_word' id='word_1_192' title='bbox 955 1801 977 1832; x_wconf 87' lang='grc' dir='ltr'>Ρ</span> <span class='ocrx_word' id='word_1_193' title='bbox 991 1802 1012 1832; x_wconf 86' lang='grc' dir='ltr'>Β</span> <span class='ocrx_word' id='word_1_194' title='bbox 1028 1823 1037 1836; x_wconf 86' lang='grc'><strong><em>,</em></strong></span> <span class='ocrx_word' id='word_1_195' title='bbox 1059 1803 1117 1832; x_wconf 83' lang='lat' dir='ltr'>&amp;c.</span> <span class='ocrx_word' id='word_1_196' title='bbox 1132 1800 1179 1833; x_wconf 88' lang='lat' dir='ltr'>Ab</span> <span class='ocrx_word' id='word_1_197' title='bbox 1195 1813 1254 1833; x_wconf 88' lang='lat' dir='ltr'>uno</span> <span class='ocrx_word' id='word_1_198' title='bbox 1268 1813 1302 1833; x_wconf 88' lang='lat' dir='ltr'>ex</span> <span class='ocrx_word' id='word_1_199' title='bbox 1323 1804 1356 1832; x_wconf 88' lang='lat' dir='ltr'>iis</span> <span class='ocrx_word' id='word_1_200' title='bbox 1370 1801 1441 1834; x_wconf 75' lang='lat' dir='ltr'>locis</span> <span class='ocrx_word' id='word_1_201' title='bbox 1454 1814 1542 1846; x_wconf 81' lang='lat' dir='ltr'>appa-</span> 
     </span>
     <span class='ocr_line' id='line_1_22' title="bbox 310 1844 1544 1890; baseline 0.001 -14"><span class='ocrx_word' id='word_1_202' title='bbox 310 1845 438 1876; x_wconf 81' lang='lat' dir='ltr'>rentibus</span> <span class='ocrx_word' id='word_1_203' title='bbox 451 1868 460 1882; x_wconf 95' lang='lat'><em>,</em></span> <span class='ocrx_word' id='word_1_204' title='bbox 484 1856 514 1875; x_wconf 92' lang='lat' dir='ltr'>ut</span> <span class='ocrx_word' id='word_1_205' title='bbox 531 1856 565 1875; x_wconf 82' lang='lat' dir='ltr'>ex</span> <span class='ocrx_word' id='word_1_206' title='bbox 583 1847 604 1875; x_wconf 90' lang='lat' dir='ltr'>B</span> <span class='ocrx_word' id='word_1_207' title='bbox 630 1844 748 1876; x_wconf 81' lang='lat' dir='ltr'>ducatur</span> <span class='ocrx_word' id='word_1_208' title='bbox 761 1845 898 1875; x_wconf 87' lang='lat' dir='ltr'>diameter</span> <span class='ocrx_word' id='word_1_209' title='bbox 915 1846 936 1875; x_wconf 82' lang='lat'>13</span> <span class='ocrx_word' id='word_1_210' title='bbox 960 1847 983 1876; x_wconf 89' lang='lat' dir='ltr'><strong>L</strong></span> <span class='ocrx_word' id='word_1_211' title='bbox 1004 1845 1034 1874; x_wconf 95' lang='lat' dir='ltr'>D</span> <span class='ocrx_word' id='word_1_212' title='bbox 1047 1866 1057 1879; x_wconf 92' lang='lat'><em>,</em></span> <span class='ocrx_word' id='word_1_213' title='bbox 1083 1856 1166 1888; x_wconf 86' lang='lat' dir='ltr'>atque</span> <span class='ocrx_word' id='word_1_214' title='bbox 1179 1848 1209 1876; x_wconf 89' lang='lat' dir='ltr'>in</span> <span class='ocrx_word' id='word_1_215' title='bbox 1229 1847 1337 1889; x_wconf 60' lang='lat' dir='ltr'>punito</span> <span class='ocrx_word' id='word_1_216' title='bbox 1356 1847 1386 1876; x_wconf 89' lang='lat' dir='ltr'>D</span> <span class='ocrx_word' id='word_1_217' title='bbox 1411 1846 1544 1890; x_wconf 73' lang='lat' dir='ltr'>opposito</span> 
     </span>
     <span class='ocr_line' id='line_1_23' title="bbox 309 1888 1542 1932; baseline 0.002 -13"><span class='ocrx_word' id='word_1_218' title='bbox 309 1888 377 1920; x_wconf 80' lang='lat' dir='ltr'>data</span> <span class='ocrx_word' id='word_1_219' title='bbox 395 1890 498 1932; x_wconf 53' lang='lat' dir='ltr'>puncta</span> <span class='ocrx_word' id='word_1_220' title='bbox 520 1889 547 1918; x_wconf 79' lang='lat' dir='ltr'>A</span> <span class='ocrx_word' id='word_1_221' title='bbox 559 1910 568 1924; x_wconf 88' lang='lat'><em>‚</em></span> <span class='ocrx_word' id='word_1_222' title='bbox 591 1888 618 1917; x_wconf 87' lang='lat' dir='ltr'>C</span> <span class='ocrx_word' id='word_1_223' title='bbox 631 1912 639 1923; x_wconf 88' lang='lat'><em>,</em></span> <span class='ocrx_word' id='word_1_224' title='bbox 664 1889 685 1918; x_wconf 89' lang='lat' dir='ltr'>P</span> <span class='ocrx_word' id='word_1_225' title='bbox 707 1891 765 1920; x_wconf 85' lang='lat' dir='ltr'>&amp;c.</span> <span class='ocrx_word' id='word_1_226' title='bbox 778 1891 931 1930; x_wconf 80' lang='lat' dir='ltr'>jungantur</span> <span class='ocrx_word' id='word_1_227' title='bbox 952 1900 1002 1931; x_wconf 85' lang='lat' dir='ltr'>per</span> <span class='ocrx_word' id='word_1_228' title='bbox 1018 1889 1106 1919; x_wconf 56' lang='lat' dir='ltr'>rebitas</span> <span class='ocrx_word' id='word_1_229' title='bbox 1122 1890 1148 1919; x_wconf 89' lang='lat' dir='ltr'>A</span> <span class='ocrx_word' id='word_1_230' title='bbox 1166 1890 1196 1918; x_wconf 94' lang='lat' dir='ltr'>D</span> <span class='ocrx_word' id='word_1_231' title='bbox 1208 1915 1217 1926; x_wconf 86' lang='grc'><strong><em>,</em></strong></span> <span class='ocrx_word' id='word_1_232' title='bbox 1237 1890 1264 1919; x_wconf 88' lang='lat' dir='ltr'>C</span> <span class='ocrx_word' id='word_1_233' title='bbox 1281 1891 1309 1919; x_wconf 94' lang='lat' dir='ltr'>D</span> <span class='ocrx_word' id='word_1_234' title='bbox 1324 1913 1334 1925; x_wconf 95' lang='lat'><em>‚</em></span> <span class='ocrx_word' id='word_1_235' title='bbox 1364 1891 1386 1920; x_wconf 90' lang='lat' dir='ltr'>P</span> <span class='ocrx_word' id='word_1_236' title='bbox 1402 1891 1444 1921; x_wconf 79' lang='lat' dir='ltr'>D,</span> <span class='ocrx_word' id='word_1_237' title='bbox 1463 1892 1542 1921; x_wconf 90' lang='lat' dir='ltr'>Tum</span> 
     </span>
     <span class='ocr_line' id='line_1_24' title="bbox 308 1930 1543 1976; baseline 0.001 -14"><span class='ocrx_word' id='word_1_238' title='bbox 308 1930 324 1962; x_wconf 64' lang='lat' dir='ltr'>a</span> <span class='ocrx_word' id='word_1_239' title='bbox 343 1933 453 1975; x_wconf 73' lang='lat' dir='ltr'>punCto</span> <span class='ocrx_word' id='word_1_240' title='bbox 477 1933 507 1962; x_wconf 94' lang='lat' dir='ltr'>D</span> <span class='ocrx_word' id='word_1_241' title='bbox 523 1955 532 1967; x_wconf 95' lang='lat'><em>,</em></span> <span class='ocrx_word' id='word_1_242' title='bbox 550 1931 643 1962; x_wconf 81' lang='lat' dir='ltr'>versus</span> <span class='ocrx_word' id='word_1_243' title='bbox 658 1931 683 1960; x_wconf 82' lang='lat' dir='ltr'>A</span> <span class='ocrx_word' id='word_1_244' title='bbox 698 1954 707 1967; x_wconf 89' lang='lat'>,</span> <span class='ocrx_word' id='word_1_245' title='bbox 733 1931 855 1962; x_wconf 86' lang='lat' dir='ltr'>sumatur</span> <span class='ocrx_word' id='word_1_246' title='bbox 881 1942 958 1962; x_wconf 83' lang='lat' dir='ltr'>arcus</span> <span class='ocrx_word' id='word_1_247' title='bbox 979 1931 1066 1962; x_wconf 84' lang='lat' dir='ltr'>medii</span> <span class='ocrx_word' id='word_1_248' title='bbox 1090 1943 1183 1964; x_wconf 86' lang='lat' dir='ltr'>motus</span> <span class='ocrx_word' id='word_1_249' title='bbox 1211 1934 1239 1964; x_wconf 92' lang='lat' dir='ltr'>D</span> <span class='ocrx_word' id='word_1_250' title='bbox 1257 1935 1278 1963; x_wconf 87' lang='lat' dir='ltr'>E</span> <span class='ocrx_word' id='word_1_251' title='bbox 1294 1959 1303 1971; x_wconf 90' lang='lat'>,</span> <span class='ocrx_word' id='word_1_252' title='bbox 1324 1935 1372 1976; x_wconf 91' lang='lat' dir='ltr'>qui</span> <span class='ocrx_word' id='word_1_253' title='bbox 1388 1932 1543 1964; x_wconf 77' lang='lat' dir='ltr'>intervallo</span> 
     </span>
     <span class='ocr_line' id='line_1_25' title="bbox 309 1974 1542 2018; baseline 0.002 -14"><span class='ocrx_word' id='word_1_254' title='bbox 309 1978 455 2018; x_wconf 80' lang='lat' dir='ltr'>apparenti</span> <span class='ocrx_word' id='word_1_255' title='bbox 477 1977 502 2007; x_wconf 89' lang='lat' dir='ltr'>A</span> <span class='ocrx_word' id='word_1_256' title='bbox 527 1977 549 2005; x_wconf 81' lang='lat' dir='ltr'>B</span> <span class='ocrx_word' id='word_1_257' title='bbox 573 1997 582 2009; x_wconf 88' lang='lat'><em>,</em></span> <span class='ocrx_word' id='word_1_258' title='bbox 614 1974 779 2017; x_wconf 83' lang='lat' dir='ltr'>respondeat</span> <span class='ocrx_word' id='word_1_259' title='bbox 804 1988 810 2005; x_wconf 92' lang='lat'><strong>:</strong></span> <span class='ocrx_word' id='word_1_260' title='bbox 832 1974 867 2004; x_wconf 90' lang='lat' dir='ltr'>ab</span> <span class='ocrx_word' id='word_1_261' title='bbox 891 1974 993 2005; x_wconf 82' lang='lat' dir='ltr'>eodem</span> <span class='ocrx_word' id='word_1_262' title='bbox 1011 1975 1119 2017; x_wconf 71' lang='grc' dir='ltr'>ρυηᾶο</span> <span class='ocrx_word' id='word_1_263' title='bbox 1143 1976 1170 2005; x_wconf 94' lang='lat' dir='ltr'>D</span> <span class='ocrx_word' id='word_1_264' title='bbox 1195 1998 1204 2011; x_wconf 90' lang='lat'><em>,</em></span> <span class='ocrx_word' id='word_1_265' title='bbox 1230 1977 1325 2007; x_wconf 83' lang='lat' dir='ltr'>versus</span> <span class='ocrx_word' id='word_1_266' title='bbox 1347 1977 1397 2012; x_wconf 91' lang='lat' dir='ltr'>C,</span> <span class='ocrx_word' id='word_1_267' title='bbox 1417 1976 1542 2007; x_wconf 81' lang='lat' dir='ltr'>sumatur</span> 
     </span>
     <span class='ocr_line' id='line_1_26' title="bbox 310 2017 1541 2062; baseline 0.002 -14"><span class='ocrx_word' id='word_1_268' title='bbox 310 2018 411 2049; x_wconf 84' lang='lat' dir='ltr'>itidem</span> <span class='ocrx_word' id='word_1_269' title='bbox 432 2030 512 2049; x_wconf 87' lang='lat' dir='ltr'>arcus</span> <span class='ocrx_word' id='word_1_270' title='bbox 533 2017 619 2048; x_wconf 85' lang='lat' dir='ltr'>medii</span> <span class='ocrx_word' id='word_1_271' title='bbox 640 2018 736 2047; x_wconf 57' lang='lat' dir='ltr'>motu&lt;</span> <span class='ocrx_word' id='word_1_272' title='bbox 763 2019 792 2048; x_wconf 93' lang='lat' dir='ltr'>D</span> <span class='ocrx_word' id='word_1_273' title='bbox 813 2020 832 2048; x_wconf 88' lang='lat' dir='ltr'>F</span> <span class='ocrx_word' id='word_1_274' title='bbox 846 2040 854 2052; x_wconf 91' lang='lat'><em>‚</em></span> <span class='ocrx_word' id='word_1_275' title='bbox 877 2020 927 2059; x_wconf 90' lang='lat' dir='ltr'>qui</span> <span class='ocrx_word' id='word_1_276' title='bbox 945 2018 1111 2060; x_wconf 79' lang='lat' dir='ltr'>respondeat</span> <span class='ocrx_word' id='word_1_277' title='bbox 1133 2018 1284 2050; x_wconf 76' lang='lat' dir='ltr'>intervallo</span> <span class='ocrx_word' id='word_1_278' title='bbox 1303 2022 1447 2062; x_wconf 80' lang='lat' dir='ltr'>apparenti</span> <span class='ocrx_word' id='word_1_279' title='bbox 1465 2022 1485 2050; x_wconf 90' lang='lat' dir='ltr'><strong>B</strong></span> <span class='ocrx_word' id='word_1_280' title='bbox 1501 2021 1541 2055; x_wconf 84' lang='lat' dir='ltr'>C,</span> 
     </span>
     <span class='ocr_line' id='line_1_27' title="bbox 311 2060 1540 2105; baseline 0.002 -15"><span class='ocrx_word' id='word_1_281' title='bbox 311 2063 380 2091; x_wconf 82' lang='lat' dir='ltr'>item</span> <span class='ocrx_word' id='word_1_282' title='bbox 398 2061 433 2092; x_wconf 83' lang='lat' dir='ltr'>ab</span> <span class='ocrx_word' id='word_1_283' title='bbox 458 2061 560 2093; x_wconf 88' lang='lat' dir='ltr'>eodem</span> <span class='ocrx_word' id='word_1_284' title='bbox 580 2062 687 2104; x_wconf 74' lang='grc' dir='ltr'>ρυηέὶο</span> <span class='ocrx_word' id='word_1_285' title='bbox 709 2062 737 2090; x_wconf 95' lang='lat' dir='ltr'>D</span> <span class='ocrx_word' id='word_1_286' title='bbox 751 2084 760 2096; x_wconf 89' lang='lat'><em>‚</em></span> <span class='ocrx_word' id='word_1_287' title='bbox 785 2061 878 2092; x_wconf 80' lang='lat' dir='ltr'>versus</span> <span class='ocrx_word' id='word_1_288' title='bbox 896 2062 917 2091; x_wconf 90' lang='lat' dir='ltr'>P</span> <span class='ocrx_word' id='word_1_289' title='bbox 933 2084 941 2096; x_wconf 89' lang='lat'><em>,</em></span> <span class='ocrx_word' id='word_1_290' title='bbox 962 2060 1083 2092; x_wconf 82' lang='lat' dir='ltr'>sumatur</span> <span class='ocrx_word' id='word_1_291' title='bbox 1105 2073 1183 2094; x_wconf 82' lang='lat' dir='ltr'>arcus</span> <span class='ocrx_word' id='word_1_292' title='bbox 1204 2063 1290 2094; x_wconf 86' lang='lat' dir='ltr'>medii</span> <span class='ocrx_word' id='word_1_293' title='bbox 1309 2062 1405 2094; x_wconf 66' lang='lat' dir='ltr'>morsis</span> <span class='ocrx_word' id='word_1_294' title='bbox 1432 2064 1460 2092; x_wconf 93' lang='lat' dir='ltr'>D</span> <span class='ocrx_word' id='word_1_295' title='bbox 1485 2066 1540 2105; x_wconf 73' lang='lat' dir='ltr'>Q</span> 
     </span>
     <span class='ocr_line' id='line_1_28' title="bbox 311 2103 1540 2148; baseline 0.002 -13"><span class='ocrx_word' id='word_1_296' title='bbox 311 2106 360 2147; x_wconf 82' lang='lat' dir='ltr'>qui</span> <span class='ocrx_word' id='word_1_297' title='bbox 374 2105 541 2147; x_wconf 83' lang='lat' dir='ltr'>respondeat</span> <span class='ocrx_word' id='word_1_298' title='bbox 560 2106 581 2135; x_wconf 87' lang='lat' dir='ltr'>B</span> <span class='ocrx_word' id='word_1_299' title='bbox 597 2105 618 2135; x_wconf 89' lang='lat' dir='ltr'>P</span> <span class='ocrx_word' id='word_1_300' title='bbox 632 2126 642 2141; x_wconf 85' lang='lat'><em>,</em></span> <span class='ocrx_word' id='word_1_301' title='bbox 666 2108 696 2137; x_wconf 73' lang='grc' dir='ltr'>ὅ(</span> <span class='ocrx_word' id='word_1_302' title='bbox 710 2103 747 2135; x_wconf 84' lang='lat' dir='ltr'>fic</span> <span class='ocrx_word' id='word_1_303' title='bbox 762 2104 799 2136; x_wconf 85' lang='lat' dir='ltr'>de</span> <span class='ocrx_word' id='word_1_304' title='bbox 819 2104 891 2136; x_wconf 84' lang='lat' dir='ltr'>aliis·</span> <span class='ocrx_word' id='word_1_305' title='bbox 923 2105 990 2148; x_wconf 82' lang='lat' dir='ltr'>Jam</span> <span class='ocrx_word' id='word_1_306' title='bbox 1004 2104 1142 2137; x_wconf 77' lang='lat' dir='ltr'>ducantur</span> <span class='ocrx_word' id='word_1_307' title='bbox 1161 2106 1242 2138; x_wconf 73' lang='lat' dir='ltr'>lineae</span> <span class='ocrx_word' id='word_1_308' title='bbox 1263 2108 1284 2137; x_wconf 88' lang='lat' dir='ltr'>E</span> <span class='ocrx_word' id='word_1_309' title='bbox 1299 2109 1320 2138; x_wconf 90' lang='lat' dir='ltr'>B</span> <span class='ocrx_word' id='word_1_310' title='bbox 1331 2129 1342 2144; x_wconf 84' lang='lat'><em>,</em></span> <span class='ocrx_word' id='word_1_311' title='bbox 1357 2110 1375 2138; x_wconf 80' lang='lat' dir='ltr'>F</span> <span class='ocrx_word' id='word_1_312' title='bbox 1390 2108 1412 2137; x_wconf 89' lang='lat' dir='ltr'>B</span> <span class='ocrx_word' id='word_1_313' title='bbox 1428 2129 1438 2142; x_wconf 95' lang='lat'><em>‚</em></span> <span class='ocrx_word' id='word_1_314' title='bbox 1457 2109 1540 2145; x_wconf 79' lang='lat' dir='ltr'>QB,</span> 
     </span>
    </p>
   </div>
   <div class='ocr_carea' id='block_1_5' title="bbox 1477 2161 1539 2193">
    <p class='ocr_par' dir='ltr' id='par_1_7' title="bbox 1477 2161 1539 2193">
     <span class='ocr_line' id='line_1_29' title="bbox 1477 2161 1539 2193; baseline 0 -13"><span class='ocrx_word' id='word_1_315' title='bbox 1477 2161 1539 2193; x_wconf 66' lang='lat' dir='ltr'>quae</span> 
     </span>
    </p>
   </div>
  </div>
 </body>
</html>
