1638 2345
285 85 584 121 'ACADEMIAE
627 87 1095 123 HrsronrA.r12.1.
1247 95 1295 133 ,η-

78 134 110 165 ise
131 131 239 176 specula
255 143 319 176 qua:
341 132 412 163 nihil
428 134 467 164 sui
491 132 645 164 admiscent
657 132 836 174 imaginibus,
858 132 947 177 Qod
967 131 985 163 fi
1009 131 1083 164 forre
1100 134 1231 175 quaedam
1253 137 1296 167 his
1311 137 1355 166 Hi
1377 140 1407 175 aa}

79 175 180 207 addrtae
200 175 261 207 sunt
279 175 488 219 Philosophicae
503 177 700 208 meditationes
715 198 725 211 ,
751 175 788 206 ad
806 176 888 206 instar
899 176 1058 219 speciminis
1071 177 1216 219 cujusdam
1238 178 1295 211 fae·
1309 181 1351 209 ria

79 229 141 249 tum
160 219 234 254 fuit,
259 230 288 250 ut
308 219 375 249 hinc
387 231 531 264 appareret
544 223 593 261 qui
614 218 720 250 fructus
741 230 774 248 ex
794 221 827 248 iis
849 218 1094 251 observationibus
1114 225 1219 264 percipi
1234 222 1297 264 pos·
1311 227 1390 254 amm.

79 259 132 292 sint
145 284 153 297 ‚
174 260 195 292 fi
215 262 289 293 forte
302 265 331 293 in
345 274 433 293 unum
448 274 495 293 cor
519 274 550 292 us
563 285 572 298 ,
591 262 677 306 idque
691 261 814 304 fartibus
835 261 887 292 sui<
900 261 1060 293 absolutum
1072 262 1226 305 aliquando
1237 277 1302 296 coa-

79 303 201 340 luerint,
219 308 249 336 δε
267 305 381 348 copiosa
401 305 463 337 satis
485 317 502 335 0
527 306 714 336 servationum
736 308 850 335 materia
868 303 972 336 fuerint
990 317 1160 350 comparata.

113 349 173 379 1v.
201 348 355 380 Fatendum
372 349 409 379 est
427 351 475 379 vix
489 348 580 379 ullum
597 346 651 378 ess'e
672 347 880 389 philosophicis
898 348 1054 379 rationibus
1069 349 1180 385 locum,
1203 349 1254 381 nisi
1267 361 1301 382 ex

78 390 279 422 communibus
288 390 454 432 quibusdam
468 390 558 421 effatis
572 395 600 421 δε
615 389 856 433 propositionibus
871 391 1010 422 ducantur
1024 414 1033 427 ,
1043 403 1099 434 qua
1109 392 1225 434 quidem
1239 405 1300 425 om-

76 434 157 464 niurn
175 445 246 478 pene
267 445 360 465 lerum
381 433 551 477 singularum
571 437 670 465 notitia
692 436 776 464 inniti
799 433 894 465 debet.
921 435 959 465 At
977 434 1097 465 multum
1119 439 1301 479 temporis&

76 475 161 507 studii
189 487 252 508 ante
279 478 318 508 est
338 477 535 508 insumendum
551 503 558 515 ,
573 477 659 519 quam
682 488 725 508 tot
744 488 836 507 rerum
860 476 1039 520 singularium
1060 478 1125 509 huic
1143 482 1182 509 rei
1203 479 1303 509 neces-

75 519 147 550 [aria
167 523 296 562 cognitio
313 523 480 563 acquiratur.
496 522 640 561 roirca
653 520 734 551 faffis
759 519 822 562 ipsis
839 524 868 551 &
884 520 1093 553 narrationibus
1111 524 1200 564 magis
1213 523 1302 553 inhae-

74 561 196 593 tendum
215 563 403 598 arbitramur,
420 563 508 604 quam
526 564 679 594 rationibus
702 566 734 593 iis
759 563 979 606 Philosophicis.

127 607 166 636 V.
191 606 388 650 Qamobrem
412 608 442 636 in
463 607 506 638 his
526 606 764 650 descriptionibus
781 606 948 637 exhibendis
969 606 1109 638 diversam
1125 607 1208 651 plin&
1222 608 1257 639 ab
1271 622 1303 640 ea

55 658 162 690 vquam
182 649 268 680 secuti
287 649 348 680 sunt
366 652 482 680 Veteres
495 674 502 685 ‚
525 648 629 692 placuit
647 653 718 680 inire
739 652 826 680 viam.
856 649 902 680 Illi
928 652 1004 680 enim
1025 652 1148 681 animalis
1164 663 1192 681 m
1217 652 1303 683 histo-

75 694 148 721 riam
175 702 205 722 ut
224 691 351 723 scientias
376 691 528 722 universim
550 693 775 735 pertrastatunr‚
798 691 847 722 hic
869 703 911 723 res
933 691 1097 734 singillatim
1120 695 1300 728 exhibrntur.

77 733 173 765 Renes
189 746 217 766 v.
242 746 285 778 gr.
308 734 360 765 ursi
385 746 417 765 ex
440 746 479 774 52.
499 735 658 766 renunculis
679 734 800 765 conflari
826 746 882 765 non
909 746 1013 766 temere
1033 734 1231 772 affirmamu33
1254 738 1301 769 sed

76 779 107 807 in
126 777 192 808 urso
212 777 330 809 diss'tsto
358 777 479 821 idipsum
504 778 594 809 visum
615 778 630 808 ὲ
654 778 737 808 nobis
758 777 846 808 fuisse.
873 780 953 810 Nam
982 776 1042 809 fieri
1066 780 1154 822 porest
1169 791 1200 811 ut
1224 786 1246 812 is
1269 780 1301 812 sir

76 831 182 852 naturae
202 820 284 852 ludus
301 833 309 855 ·,
332 831 382 851 nec
405 825 542 853 continuo
555 820 585 851 id
608 820 791 864 scriptoribus
814 824 884 853 vitio
904 821 1029 852 dandum
1045 844 1055 858 ,
1076 821 1096 853 fi
1118 833 1160 853 res
1176 824 1302 866 ejusmo-

75 862 106 894 di
127 875 225 896 eorum
248 864 425 907 diligentiam
443 864 605 908 effugerint.

108 907 253 950 Cujusque
276 908 408 939 animalis
426 906 516 950 figura
540 908 649 939 summa
673 918 739 938 cura
753 907 806 939 fuir
824 907 964 940 delineata
976 931 985 944 ,
1006 911 1036 939 ὅ(
1052 912 1175 953 partium
1193 913 1305 953 magni:

77 950 148 981 tudo
168 950 294 981 dimensa
311 976 320 986 ‚
340 962 402 993 quae
419 954 491 982 inter
509 962 552 981 eas
578 950 609 982 sir
628 953 699 981 ratio
718 951 870 994 diligenter
884 952 1068 994 indagatum:
1090 963 1156 982 narn
1176 954 1224 983 istJ.
1244 966 1302 985 non

78 996 169 1036 magis
190 993 277 1036 vulgo
294 1005 360 1024 nota
389 995 467 1032 sunt,
492 994 577 1037 quam
593 996 762 1024 interiorum
783 999 904 1038 partium
917 994 1119 1026 conformatio.
1142 997 1217 1036 Qu:
1226 1008 1303 1028 com-

76 1040 176 1068 munia
198 1036 260 1067 sunt
285 1041 314 1067 &
335 1037 417 1068 n0b1s
436 1040 549 1079 cognita
561 1035 693 1067 animalia
707 1036 793 1079 paulo
810 1036 892 1067 aliter
902 1037 1038 1080 descripta
1054 1037 1124 1071 furt,
1144 1039 1231 1080 quarn
1244 1051 1302 1071 rara

79 1083 110 1111 δε
131 1078 271 1112 inusitata.
283 1078 405 1110 Illorum
420 1084 497 1110 enim
510 1091 570 1110 tum
584 1082 736 1110 <xteriores
748 1103 755 1115 ‚
767 1091 824 1111 tun:
837 1083 984 1111 interiores
1003 1091 1094 1123 partes
1105 1080 1139 1110 ad
1153 1082 1303 1113 hominem

76 1122 237 1154 referuntur
248 1144 257 1158 ,
279 1126 329 1164 qui
349 1134 379 1154 ut
395 1135 495 1153 norma
515 1125 645 1153 omnium
658 1123 825 1153 animalium
846 1124 1032 1154 constituitur.
1047 1125 1121 1164 Qae
1133 1128 1228 1154 omnia
1244 1125 1302 1169 spe-

77 1177 137 1196 tare
157 1177 209 1196 nos
229 1165 330 1207 jubent
361 1164 422 1196 fore
443 1176 473 1197 ut
497 1166 527 1196 hi
548 1167 747 1196 commentarii
761 1165 934 1196 uberrimam
961 1167 1082 1196 histariae
1102 1166 1222 1197 naturali
1242 1179 1303 1199 ma-

77 1211 178 1239 teriem
199 1208 353 1250 aliquando
375 1208 572 1252 suppeditent,
592 1211 667 1249 iique
686 1208 805 1251 publicae
821 1210 1010 1251 expedkationi
1031 1211 1061 1239 &
1091 1209 1179 1252 Regis
1206 1212 1303 1242 Maxi-

76 1255 118 1283 mi
143 1250 348 1282 munificentiae
370 1251 569 1294 respondeant.
592 1253 665 1282 Haec
692 1250 749 1281 fere
770 1250 935 1289 praefatione
956 1254 1229 1294 continentur,quae
1245 1253 1303 1285 for-

77 1306 154 1326 mam
174 1294 250 1326 illius
274 1297 303 1325 &
329 1298 470 1325 rationem
488 1297 581 1339 operis
598 1294 676 1325 velut
694 1293 785 1325 oculis
811 1294 874 1337 ipfis
899 1294 1060 1335 subjiciunt.
1300 1293 1304 1297 ¹

111 1341 244 1380 Longum
261 1335 329 1368 essct
349 1341 379 1369 &
399 1338 433 1368 ab
451 1338 576 1369 instituto
595 1349 679 1381 opere
697 1340 809 1380 penitus
828 1339 953 1368 alienum
977 1340 1016 1369 ire
1035 1349 1083 1380 per
1105 1336 1225 1380 singulas
1243 1344 1301 1374 ani,

77 1381 197 1413 malium
220 1391 283 1423 quae
304 1382 358 1410 hoc
384 1379 542 1411 Volumine
565 1383 746 1410 eontinentur
761 1380 985 1424 descriptiones,
1008 1379 1054 1410 sed
1068 1392 1133 1411 cum
1154 1385 1184 1411 in
1198 1393 1302 1424 pauco-

75 1436 140 1456 rum
154 1423 206 1455 finr
218 1422 347 1454 manibus
359 1446 368 1459 ‚
380 1434 437 1453 non
457 1422 506 1454 abs
522 1435 550 1454 re
564 1423 648 1454 ffierir
659 1445 668 1458 ,
697 1424 815 1455 strit‘ltim
826 1424 1017 1466 quotumdam
1030 1422 1196 1455 animalium
1212 1425 1300 1457 histo-

75 1471 147 1499 riam
164 1466 247 1497 instar
263 1465 423 1509 speciminis
447 1467 640 1509 perstringere.

506 1598 763 1639 CAPUT
818 1599 880 1635 ΙΙ.

261 1686 378 1722 Leonis
407 1685 446 1726 ῥ’
468 1692 575 1722 Leaenae
588 1711 597 1727 2
627 1686 666 1725 ἀ
686 1685 913 1723 chameleontis
931 1690 1116 1724 cAnatome.

78 1774 104 1803 1.
195 1772 317 1803 Rimcnn
341 1773 458 1816 quidem
473 1773 489 1803 a
517 1776 620 1804 Leonis
640 1771 830 1814 descriptione
843 1782 972 1813 coeprum
988 1793 996 1806 ,
1015 1775 1139 1803 exterior
1154 1772 1230 1804 illius
1243 1774 1305 1805 fors

120 1778 182 1850 -Ρ
197 1826 242 1845 ma
262 1819 293 1846 ὅ(
312 1827 400 1859 partes
414 1819 562 1847 interiores
576 1816 773 1847 observatione
788 1814 882 1857 dignae
902 1815 937 1845 ad
958 1816 1057 1845 vivum
1085 1815 1226 1860 expressere,
1240 1827 1303 1859 (με

77 1869 144 1889 cum
162 1857 261 1889 felium
297 1859 401 1890 artibus
423 1871 556 1902 mignam
571 1860 703 1890 videntur
725 1858 827 1888 habete
847 1860 1047 1899 cognationem
1063 1872 1070 1889 z
1098 1871 1164 1890 mm
1183 1863 1210 1889 in
1226 1859 1304 1889 utris-

77 1912 133 1944 que
149 1901 254 1945 sep-em
288 1913 339 1933 unt
360 1906 461 1943 jecoris
486 1902 569 1938 lobi,
590 1902 671 1943 cystis
692 1899 775 1932 fellea
796 1903 825 1931 in
839 1899 939 1931 iisdem
957 1901 1124 1933 animalibus
1143 1902 1305 1932 anfractu)-

78 1947 127 1980 sa‚
156 1949 186 1976 &
208 1943 283 1988 qunfi
302 1948 328 1975 in
343 1949 433 1976 varias
446 1945 561 1976 cellulas
581 1945 669 1976 divisa
686 1967 693 1979 ,
714 1955 846 1988 pancrcas
865 1954 978 1985 quoque
995 1948 1024 1975 δέ
1047 1945 1242 1975 mediastinum
1262 1943 1306 1974 fe-

78 1998 109 2019 re
140 2000 169 2018 ut
188 1991 217 2018 in
238 1987 340 2018 felibus
363 2000 372 2023 ·‚
392 2001 491 2031 magna
525 1992 553 2019 in
576 1988 733 2019 mediastini
762 1986 858 2018 memb
875 1998 926 2018 ana
948 1999 1035 2031 prope
1059 1998 1224 2018 mucronem
1243 1997 1305 2017 cot-

79 2030 125 2061 dis
138 2033 243 2061 cavitas
269 2033 444 2075 intercipitur
459 2043 468 2068 ·,
489 2031 565 2064 oculi
579 2042 650 2076 pene
663 2029 825 2064 consimiles
835 2052 845 2068 ‚
863 2030 969 2074 pedum
991 2029 1182 2073 unguiculi&
1200 2027 1305 2069 0Ηίευῖ

82 2072 110 2105 la
131 2085 191 2106 non
216 2072 373 2107 dissimilia.
1061 2114 1082 2144 P

1102 2125 1132 2156 ¹³]
