1638 2345
207 169 294 198 ΑΝΝ.

321 132 363 167 78
621 124 792 160 REGIAE
827 122 1214 157 SCIENTIARUM

359 182 386 204 2.
421 172 531 214 Liquor
552 175 646 202 tartari
666 181 695 200 ut
710 168 786 201 ,sales
804 167 921 211 plurimi
940 167 955 197 ὲ
972 167 1076 210 plantis
1099 169 1218 199 extraffi
1244 170 1276 199 &
1294 164 1434 199 lixiviales
1461 167 1550 198 subm

211 214 302 253 16692
319 218 387 246 mati
403 213 574 246 solutionem
594 212 716 245 multum
736 214 964 256 praecipitatunt‚
987 213 1018 242 &
1043 210 1132 242 rubro
1147 222 1194 242 aut
1217 209 1294 242 flavo
1313 210 1410 241 colore
1426 233 1435 246 ‚
1460 222 1492 240 ut
1505 212 1550 241 vi-

317 257 396 289 trioli
420 256 591 288 solutionem
616 255 737 288 caetuleo
759 259 791 286 &
810 253 932 285 obscuro
953 253 1050 284 colore
1067 253 1226 284 infecerunt
1242 266 1308 285 cum
1329 263 1429 294 magna
1454 255 1550 297 praeci-

338 303 466 332 iratione.
500 302 532 330 ln
554 303 627 330 hunc
643 295 871 329 censum-referri
890 295 1002 341 possunt
1026 296 1093 327 sales
1111 296 1282 328 lactucarum
1297 319 1307 332 ,
1327 295 1442 327 meliss'a:
1458 316 1467 330 .
1484 307 1553 327 me-

330 344 391 375 rloti
401 366 409 378 ,
420 343 509 374 bursa:
521 344 636 385 pastoris
650 365 659 377 ,
672 342 829 382 cychoraei,
844 339 1043 383 scrophulariae
1058 342 1178 370 minoris
1191 362 1199 375 ‚
1214 339 1315 372 salviae.

361 386 437 418 Sales
456 389 537 416 mixti
554 398 586 416 <x
607 389 663 415 acri
680 389 710 416 δι
726 384 806 416 acido
826 382 939 414 nullam
958 381 1085 414 efficiunt
1102 385 1358 426 praecipitationem
1371 393 1401 412 ut
1416 380 1453 411 sal
1466 392 1550 412 com-

320 434 411 461 muni<
441 432 469 459 ἃ
497 429 542 459 ‚ilii
563 428 693 472 quidam.

363 476 401 503 X.
439 472 583 502 Postremo
609 472 694 501 iidem
718 470 784 501 sales
801 481 865 501 cuin
891 470 993 512 syrupo
1012 468 1153 499 violarum
1169 473 1199 500 ἃ
1219 468 1342 499 rincum-i
1362 467 1431 509 ligni
1460 466 1550 498 Brasi-

319 515 411 546 hcxzfis
433 515 574 545 commisti
597 516 693 544 varios
715 514 824 544 colores
847 513 1036 555 ptaebuerunt.
1070 512 1155 543 Acidi
1176 512 1299 554 liquores
1313 533 1322 546 ,
1349 522 1378 541 ut
1393 511 1490 541 oleum
1505 513 1551 540 vi—

320 559 397 590 trioli
412 581 420 592 ,
437 557 570 599 syrupum
592 556 749 587 violaceum
765 555 851 587 rubro
865 555 962 585 colore
983 554 1153 586 imbuerunt.
1176 555 1255 586 Sales
1274 552 1366 583 :ditali
1383 556 1412 583 ὅ(
1428 553 1557 583 viridem

320 602 448 632 colorem
468 604 498 631 &c
517 600 665 631 interdurn
683 599 891 642 smaragdinum
910 598 1003 628 cidem
1025 597 1225 629 conciliarunt.
1259 598 1307 627 Sic
1330 595 1365 626 sal
1383 595 1550 637 heliotropii

320 647 438 684 majoris
458 654 523 674 eum
537 642 633 674 colore
648 641 732 674 viridi
752 642 872 676 imbuit,
884 639 929 671 sed
948 643 1100 671 tinoruraru
1116 639 1130 670 ξ·
1150 640 1229 683 ligno
1245 636 1401 670 Brafilienfi
1418 637 1554 669 nonnihil

320 687 493 719 obscuravit.
528 686 638 717 Oleum
655 684 764 716 virtioli
783 684 901 714 eandem
921 685 1075 714 tincturam
1095 682 1171 714 flavo
1191 683 1288 713 colore
1312 680 1426 720 inbuit,
1446 684 1492 712 cui
1515 680 1557 712 sai

321 730 487 772 heliotropii
505 741 571 760 curn
586 729 713 770 adjeflus
731 727 848 762 fuisset,
870 738 971 769 magna
983 738 1044 758 orta
1061 726 1099 756 est
1118 725 1251 757 ebullitio
1267 750 1274 756 .
1296 736 1328 755 ac
1347 726 1467 755 tinCtura
1504 722 1555 756 ris·

322 776 415 805 tinum
430 771 559 802 colorem
580 784 632 814 pur
654 783 754 802 ureum
777 772 882 813 recepit
897 792 907 806 ,
932 780 1106 813 omnemque
1121 768 1285 800 aciditatcm
1310 770 1396 799 exuit.
1430 768 1482 798 Nu
1497 767 1561 798 lam:

322 818 391 848 huic
408 816 539 848 tinCturae
560 826 606 846 aut
626 785 729 858 (grupo
742 825 774 844 cx
795 811 1013 848 violis‚coloris
1030 814 1215 843 mutationem
1237 809 1498 842 saltamatiscorum
1512 820 1557 841 at-

323 859 390 891 tulit
409 882 419 895 ,
450 858 582 902 syrupum
606 857 742 888 duntaxat
761 855 911 886 clariorem
933 854 1028 887 effecit
1050 867 1059 890 ·‚
1081 854 1118 886 sal
1150 854 1323 886 lactucarum
1347 853 1435 884 viridi
1455 853 1555 884 colore

324 903 459 946 syrupum
478 905 507 932 &
528 899 699 932 infufionem
719 899 788 942 ligni
811 897 979 930 Brafiltensis
998 898 1083 930 rubro
1103 897 1199 929 colore
1214 920 1223 933 ‚
1246 898 1292 928 sed
1313 896 1439 941 pleniore
1459 899 1563 929 tinxit-

324 948 394 978 Uno
413 944 501 976 verbo
524 943 590 975 sales
613 943 663 974 fixi
685 947 715 974 ὃ(
738 941 877 974 lixiviales
897 941 1047 973 caerulcum
1079 941 1175 983 syrupi
1197 940 1325 972 colorem
1352 942 1381 969 in
1409 938 1531 970 viridem
1546 951 1563 974 ’,ς

324 988 394 1019 sales
416 998 464 1018 aut
479 986 499 1017 li
521 998 604 1017 uores
618 986 691 1018 acidi
708 990 737 1016 in
762 985 878 1016 rubrum
893 995 1071 1015 commutant
1097 998 1104 1015 z
1126 984 1196 1026 ligni
1218 984 1369 1027 nephritici
1384 980 1564 1013 infusionem.

327 1030 404 1062 flavo
425 1034 455 1061 &
476 1000 569 1060 dicluto
594 1033 683 1071 magis
701 1029 798 1059 colore
821 1027 929 1058 donant
953 1039 1038 1069 quam
1064 1027 1131 1057 sales
1149 1026 1240 1057 alicali
1263 1030 1291 1057 &
1311 1024 1361 1055 fixi
1379 1028 1429 1068 qui
1454 1024 1557 1056 obscu-

326 1077 435 1105 riorem
462 1071 590 1104 efficiunt
617 1083 626 1107 ·,
653 1071 723 1104 sales
743 1073 827 1102 mixti
855 1069 964 1101 nullam
990 1081 1061 1113 pene
1085 1068 1209 1101 afferunt
1233 1071 1264 1100 in
1286 1067 1432 1099 coloribus
1463 1079 1558 1104 mutas

327 1129 444 1148 tionem.

713 1238 745 1272 C
780 1238 816 1275 A
847 1237 872 1274 P
903 1239 942 1275 U
977 1236 1011 1272 T
1077 1237 1125 1273 11
1147 1238 1177 1275 Ι.

730 1331 781 1362 De
807 1323 902 1372 catfis
929 1322 1173 1371 coagulationis.

332 1423 356 1454 I.
458 1423 488 1452 X
511 1422 546 1451 iis
563 1421 766 1462 experimentis
785 1417 992 1460 coagulationis
1007 1414 1094 1447 causa
1115 1413 1236 1459 quaefitae
1255 1413 1338 1450 sunt,
1366 1425 1435 1456 quas
1452 1417 1493 1448 D,
1511 1418 1563 1448 Du

384 1426 443 1500 E
459 1464 531 1495 Clos
553 1464 767 1504 Chyrnicorum
787 1463 936 1504 principiis
956 1458 1080 1490 infistens
1106 1458 1246 1501 explicare
1276 1458 1412 1499 ingressus
1436 1460 1484 1491 est.
1518 1462 1562 1490 Ac

332 1511 458 1552 primum
479 1506 596 1550 quidem
615 1505 688 1536 illud
705 1505 854 1536 admonuit
874 1507 903 1535 in
924 1513 1027 1534 naturae
1048 1502 1263 1543 investigatione
1279 1501 1352 1531 nihil
1373 1500 1431 1532 fere
1446 1506 1565 1544 majoris

333 1551 386 1582 csse
400 1554 543 1581 momenti
562 1561 608 1580 aut
624 1548 707 1579 latius
722 1559 816 1592 patere
831 1558 916 1589 quam
937 1545 1020 1589 ipsius
1035 1547 1229 1576 concretionis
1246 1542 1366 1574 causam.
1393 1545 1472 1576 Nam
1485 1556 1564 1588 qux<-

333 1605 388 1637 que
406 1605 526 1636 corpora
538 1604 598 1623 non
612 1591 689 1622 aliud
699 1591 838 1633 quiddam
853 1590 915 1621 sunt
930 1600 1015 1632 quam
1033 1587 1157 1631 liquores
1170 1588 1296 1618 concreti
1307 1596 1315 1620 3
1328 1587 1401 1617 nihil
1421 1591 1451 1619 in
1466 1591 1569 1619 mixtis

334 1649 381 1668 aur
404 1635 536 1680 perfectis
551 1647 598 1666 aur
616 1634 791 1677 imperfeffis
806 1636 933 1676 gignitur
955 1631 1006 1662 nisi
1023 1642 1057 1662 ex
1078 1642 1149 1674 aqua
1164 1652 1174 1667 ,
1193 1629 1268 1661 adeo
1281 1639 1311 1661 ut
1332 1641 1452 1673 corpora
1475 1631 1571 1663 solida

334 1681 408 1712 nihil
430 1679 490 1710 fere
513 1678 566 1710 sim
583 1689 685 1722 praeter
702 1688 803 1719 aquarn
826 1687 999 1707 concretam.

376 1725 533 1755 concretio
545 1733 640 1753 autem
654 1724 749 1752 omnis
760 1718 805 1750 vel
825 1720 863 1750 est
877 1718 1036 1763 congelatio
1047 1729 1133 1761 quam
1152 1717 1240 1760 frigus
1255 1716 1342 1748 efficit
1355 1719 1424 1747 citra
1441 1715 1566 1747 substan-

334 1771 379 1799 tiae
399 1767 596 1797 alterationem
610 1787 620 1801 ,
640 1763 685 1795 vel
698 1762 860 1806 coagulatio
874 1765 987 1806 proprie
1001 1762 1088 1793 dicta.
1123 1759 1297 1803 Congelatio
1311 1759 1477 1791 firmitatem
1493 1771 1566 1803 pra·-

334 1810 383 1842 bet
406 1813 436 1841 &
460 1808 632 1840 soliditatem
650 1828 659 1843 ‚
677 1805 713 1838 fic
726 1818 819 1838 tamen
835 1817 865 1837 ut
879 1804 1029 1848 congelata
1053 1803 1198 1836 interdum
1217 1807 1310 1835 minus
1328 1803 1382 1834 sint
1403 1802 1488 1834 densa
1501 1824 1511 1838 ‚
1532 1806 1566 1834 δε

335 1858 426 1894 majus
448 1853 464 1884 s
479 1855 566 1882 atium
586 1861 750 1894 occupent,
768 1861 799 1881 ut
816 1853 845 1880 in
864 1848 954 1892 glacie
975 1848 1071 1879 videre
1090 1847 1128 1878 est
1144 1860 1150 1877 :
1171 1846 1293 1887 crystalli
1317 1846 1517 1881 muneralium,
1535 1856 1567 1877 ut

338 1899 406 1928 nitri
419 1918 429 1930 ‚
450 1864 511 1928 (glis
526 1898 687 1925 communis
706 1893 844 1924 vitriolati
857 1915 868 1928 ‚
889 1903 922 1922 cx
935 1903 993 1935 quo
1009 1892 1147 1922 nimirum
1165 1889 1330 1920 distillatum
1350 1890 1388 1919 est
1400 1888 1496 1920 oleum
1517 1892 1566 1919 vi-

341 1939 420 1972 trioli
434 1965 443 1978 ,
464 1949 543 1981 aquae
559 1942 687 1968 innatant
704 1947 822 1968 :contra
835 1938 864 1966 in
879 1934 1003 1966 metallis
1016 1956 1025 1972 ,
1045 1945 1107 1965 cera
1119 1955 1129 1969 ‚
1149 1933 1231 1976 adipe
1247 1935 1277 1963 &
1292 1932 1413 1968 oleofis,
1432 1933 1481 1964 ubi
1500 1942 1567 1963 con-

342 1982 447 2026 gelatio
470 1985 499 2012 in
515 1984 616 2012 :iustius
630 1981 748 2024 spatium
769 1981 858 2010 atstat
875 1990 1004 2022 corpora.

388 2025 483 2056 Multa
493 2036 606 2068 quoque
618 2024 653 2054 de
667 2023 867 2065 congelatione
886 2033 946 2053 tum
961 2019 1082 2063 simplici
1098 2043 1107 2055 ,
1121 2031 1205 2062 quarn
1221 2019 1310 2061 frigus
1328 2028 1475 2050 externum
1486 2038 1495 2051 ‚
1505 2026 1566 2047 tum

346 2069 434 2099 mixti
448 2091 456 2104 ,
474 2080 560 2110 quam
575 2070 678 2112 partim
692 2066 780 2109 frigus
791 2077 939 2097 externum
955 2091 962 2103 ,
983 2066 1086 2108 partim
1099 2067 1213 2094 interior
1231 2062 1337 2093 siccitas
1349 2069 1497 2105 procreat,
1509 2059 1566 2090 dis-

345 2112 437 2156 seruit.
470 2113 557 2144 Hanc
576 2115 608 2146 in
625 2112 724 2143 mixtis
741 2109 806 2142 fieri
829 2120 892 2153 qua:
910 2109 1030 2141 hutnore
1052 2117 1099 2140 aux
1119 2106 1215 2141 calore
1236 2105 1395 2150 liquescunt
1412 2126 1425 2141 ,
1446 2103 1571 2136 humore
