<?xml version="1.0" encoding="UTF-8"?>
<!DOCTYPE html PUBLIC "-//W3C//DTD XHTML 1.0 Transitional//EN"
    "http://www.w3.org/TR/xhtml1/DTD/xhtml1-transitional.dtd">
<html xmlns="http://www.w3.org/1999/xhtml" xml:lang="en" lang="en">
 <head>
  <title>
</title>
<meta http-equiv="Content-Type" content="text/html;charset=utf-8" />
  <meta name='ocr-system' content='tesseract 3.04.00' />
  <meta name='ocr-capabilities' content='ocr_page ocr_carea ocr_par ocr_line ocrx_word'/>
</head>
<body>
  <div class='ocr_page' id='page_1' title='image "./regiscientiaru98duha_0110.png"; bbox 0 0 1638 2345; ppageno 0'>
   <div class='ocr_carea' id='block_1_1' title="bbox 232 194 326 276">
    <p class='ocr_par' dir='ltr' id='par_1_1' title="bbox 232 194 326 276">
     <span class='ocr_line' id='line_1_1' title="bbox 232 194 323 225; baseline 0.033 -3"><span class='ocrx_word' id='word_1_1' title='bbox 232 194 323 225; x_wconf 66' lang='lat' dir='ltr'>Ami.</span> 
     </span>
     <span class='ocr_line' id='line_1_2' title="bbox 234 241 326 276; baseline 0.033 -11"><span class='ocrx_word' id='word_1_2' title='bbox 234 241 326 276; x_wconf 78' lang='lat'><strong>1670.</strong></span> 
     </span>
    </p>
   </div>
   <div class='ocr_carea' id='block_1_2' title="bbox 342 151 1580 2132">
    <p class='ocr_par' dir='ltr' id='par_1_2' title="bbox 346 151 1244 186">
     <span class='ocr_line' id='line_1_3' title="bbox 346 151 1244 186; baseline 0.003 -4"><span class='ocrx_word' id='word_1_3' title='bbox 346 154 383 182; x_wconf 85' lang='lat'>88</span> <span class='ocrx_word' id='word_1_4' title='bbox 635 153 821 186; x_wconf 80' lang='lat' dir='ltr'>REGIAE</span> <span class='ocrx_word' id='word_1_5' title='bbox 864 151 1244 185; x_wconf 74' lang='lat' dir='ltr'>SCIENTIARUM</span> 
     </span>
    </p>

    <p class='ocr_par' dir='ltr' id='par_1_3' title="bbox 344 193 1575 529">
     <span class='ocr_line' id='line_1_4' title="bbox 346 193 1574 239; baseline 0.004 -15"><span class='ocrx_word' id='word_1_6' title='bbox 346 197 519 232; x_wconf 70' lang='lat' dir='ltr'>tta&amp;:nrur‚</span> <span class='ocrx_word' id='word_1_7' title='bbox 538 197 591 226; x_wconf 88' lang='lat' dir='ltr'>hoc</span> <span class='ocrx_word' id='word_1_8' title='bbox 612 198 704 239; x_wconf 80' lang='lat' dir='ltr'>ipsum</span> <span class='ocrx_word' id='word_1_9' title='bbox 727 207 802 226; x_wconf 84' lang='lat' dir='ltr'>anno</span> <span class='ocrx_word' id='word_1_10' title='bbox 827 202 913 233; x_wconf 72' lang='lat'>¹670·</span> <span class='ocrx_word' id='word_1_11' title='bbox 933 193 968 224; x_wconf 77' lang='lat' dir='ltr'>iic</span> <span class='ocrx_word' id='word_1_12' title='bbox 986 195 1086 225; x_wconf 81' lang='lat' dir='ltr'>adorta</span> <span class='ocrx_word' id='word_1_13' title='bbox 1102 196 1138 225; x_wconf 85' lang='lat' dir='ltr'>est</span> <span class='ocrx_word' id='word_1_14' title='bbox 1155 218 1164 230; x_wconf 91' lang='lat'>,</span> <span class='ocrx_word' id='word_1_15' title='bbox 1188 207 1217 226; x_wconf 90' lang='lat' dir='ltr'>ut</span> <span class='ocrx_word' id='word_1_16' title='bbox 1237 199 1266 226; x_wconf 91' lang='lat' dir='ltr'>in</span> <span class='ocrx_word' id='word_1_17' title='bbox 1287 196 1452 228; x_wconf 68' lang='lat' dir='ltr'>animalium</span> <span class='ocrx_word' id='word_1_18' title='bbox 1474 202 1574 229; x_wconf 64' lang='lat' dir='ltr'>anato-⁸</span> 
     </span>
     <span class='ocr_line' id='line_1_5' title="bbox 347 238 1572 282; baseline 0.003 -15"><span class='ocrx_word' id='word_1_19' title='bbox 347 249 412 268; x_wconf 88' lang='lat' dir='ltr'>men</span> <span class='ocrx_word' id='word_1_20' title='bbox 436 261 445 274; x_wconf 90' lang='lat'><em>‚</em></span> <span class='ocrx_word' id='word_1_21' title='bbox 475 251 503 280; x_wconf 77' lang='lat' dir='ltr'>in</span> <span class='ocrx_word' id='word_1_22' title='bbox 527 239 686 281; x_wconf 74' lang='lat' dir='ltr'>plantatum</span> <span class='ocrx_word' id='word_1_23' title='bbox 711 261 720 274; x_wconf 91' lang='lat'>‚</span> <span class='ocrx_word' id='word_1_24' title='bbox 747 250 808 280; x_wconf 73' lang='lat' dir='ltr'>qua:</span> <span class='ocrx_word' id='word_1_25' title='bbox 828 238 863 268; x_wconf 83' lang='lat' dir='ltr'>ab</span> <span class='ocrx_word' id='word_1_26' title='bbox 886 239 948 268; x_wconf 64' lang='lat' dir='ltr'>aliis</span> <span class='ocrx_word' id='word_1_27' title='bbox 971 238 1160 280; x_wconf 71' lang='lat' dir='ltr'>piaetenniss‘ae</span> <span class='ocrx_word' id='word_1_28' title='bbox 1185 238 1294 269; x_wconf 64' lang='lat' dir='ltr'>fucrant</span> <span class='ocrx_word' id='word_1_29' title='bbox 1320 261 1330 274; x_wconf 89' lang='lat'>,</span> <span class='ocrx_word' id='word_1_30' title='bbox 1346 240 1548 282; x_wconf 76' lang='lat' dir='ltr'><strong>descriptiones</strong></span> <span class='ocrx_word' id='word_1_31' title='bbox 1564 265 1572 280; x_wconf 84' lang='lat'>‚</span> 
     </span>
     <span class='ocr_line' id='line_1_6' title="bbox 345 280 1572 326; baseline 0.004 -16"><span class='ocrx_word' id='word_1_32' title='bbox 345 291 428 322; x_wconf 83' lang='lat' dir='ltr'>atque</span> <span class='ocrx_word' id='word_1_33' title='bbox 452 285 480 312; x_wconf 86' lang='lat' dir='ltr'>in</span> <span class='ocrx_word' id='word_1_34' title='bbox 509 284 669 322; x_wconf 77' lang='lat' dir='ltr'>chynncam</span> <span class='ocrx_word' id='word_1_35' title='bbox 691 284 846 312; x_wconf 84' lang='lat' dir='ltr'>mixtorum</span> <span class='ocrx_word' id='word_1_36' title='bbox 867 280 1067 311; x_wconf 76' lang='lat' dir='ltr'>resolutionem</span> <span class='ocrx_word' id='word_1_37' title='bbox 1094 292 1188 311; x_wconf 86' lang='lat' dir='ltr'>curam</span> <span class='ocrx_word' id='word_1_38' title='bbox 1213 286 1242 312; x_wconf 82' lang='lat'>&amp;</span> <span class='ocrx_word' id='word_1_39' title='bbox 1269 282 1390 312; x_wconf 84' lang='lat' dir='ltr'>studium</span> <span class='ocrx_word' id='word_1_40' title='bbox 1415 283 1493 314; x_wconf 81' lang='lat' dir='ltr'>suurn</span> <span class='ocrx_word' id='word_1_41' title='bbox 1519 297 1572 326; x_wconf 82' lang='lat' dir='ltr'>po-</span> 
     </span>
     <span class='ocr_line' id='line_1_7' title="bbox 346 322 1572 368; baseline 0.002 -14"><span class='ocrx_word' id='word_1_42' title='bbox 346 323 482 355; x_wconf 74' lang='lat' dir='ltr'>tissimum</span> <span class='ocrx_word' id='word_1_43' title='bbox 500 325 670 367; x_wconf 74' lang='lat' dir='ltr'>impenderit</span> <span class='ocrx_word' id='word_1_44' title='bbox 685 347 693 360; x_wconf 91' lang='lat'>‚</span> <span class='ocrx_word' id='word_1_45' title='bbox 712 322 822 355; x_wconf 81' lang='lat' dir='ltr'>ornislis</span> <span class='ocrx_word' id='word_1_46' title='bbox 836 349 845 363; x_wconf 88' lang='lat'><strong>,</strong></span> <span class='ocrx_word' id='word_1_47' title='bbox 867 335 912 354; x_wconf 84' lang='lat' dir='ltr'>aut</span> <span class='ocrx_word' id='word_1_48' title='bbox 931 326 959 353; x_wconf 91' lang='lat' dir='ltr'>in</span> <span class='ocrx_word' id='word_1_49' title='bbox 978 324 1064 354; x_wconf 79' lang='lat' dir='ltr'>alium</span> <span class='ocrx_word' id='word_1_50' title='bbox 1084 323 1179 354; x_wconf 62' lang='lat' dir='ltr'>locuni</span> <span class='ocrx_word' id='word_1_51' title='bbox 1198 324 1293 355; x_wconf 77' lang='lat' dir='ltr'>dilatis</span> <span class='ocrx_word' id='word_1_52' title='bbox 1309 325 1572 368; x_wconf 71' lang='lat' dir='ltr'>disceptationibus,</span> 
     </span>
     <span class='ocr_line' id='line_1_8' title="bbox 344 366 1574 410; baseline 0.003 -14"><span class='ocrx_word' id='word_1_53' title='bbox 344 378 406 408; x_wconf 82' lang='lat' dir='ltr'>quae</span> <span class='ocrx_word' id='word_1_54' title='bbox 426 368 541 398; x_wconf 67' lang='lat' dir='ltr'>curiosa:</span> <span class='ocrx_word' id='word_1_55' title='bbox 566 370 654 410; x_wconf 78' lang='lat' dir='ltr'>magis</span> <span class='ocrx_word' id='word_1_56' title='bbox 678 371 708 398; x_wconf 85' lang='lat'>&amp;</span> <span class='ocrx_word' id='word_1_57' title='bbox 729 366 861 397; x_wconf 81' lang='lat' dir='ltr'>difficiles</span> <span class='ocrx_word' id='word_1_58' title='bbox 880 378 966 409; x_wconf 82' lang='lat' dir='ltr'>quam</span> <span class='ocrx_word' id='word_1_59' title='bbox 988 367 1072 398; x_wconf 81' lang='lat' dir='ltr'>utiles</span> <span class='ocrx_word' id='word_1_60' title='bbox 1089 367 1234 398; x_wconf 83' lang='lat' dir='ltr'>videntur.</span> <span class='ocrx_word' id='word_1_61' title='bbox 1256 369 1333 399; x_wconf 74' lang='lat' dir='ltr'>Nam</span> <span class='ocrx_word' id='word_1_62' title='bbox 1350 367 1420 398; x_wconf 86' lang='lat' dir='ltr'>illud</span> <span class='ocrx_word' id='word_1_63' title='bbox 1440 369 1574 400; x_wconf 74' lang='lat' dir='ltr'>&#39;udicavit</span> 
     </span>
     <span class='ocr_line' id='line_1_9' title="bbox 345 380 1575 454; baseline 0.002 -13"><span class='ocrx_word' id='word_1_64' title='bbox 345 410 444 441; x_wconf 87' lang='lat' dir='ltr'>frustra</span> <span class='ocrx_word' id='word_1_65' title='bbox 462 410 561 454; x_wconf 83' lang='lat' dir='ltr'>suscipi</span> <span class='ocrx_word' id='word_1_66' title='bbox 583 422 675 441; x_wconf 83' lang='lat' dir='ltr'>rerum</span> <span class='ocrx_word' id='word_1_67' title='bbox 700 410 878 441; x_wconf 86' lang='lat' dir='ltr'>occultarum</span> <span class='ocrx_word' id='word_1_68' title='bbox 901 409 1044 441; x_wconf 83' lang='lat' dir='ltr'>scientiam</span> <span class='ocrx_word' id='word_1_69' title='bbox 1059 432 1068 445; x_wconf 89' lang='lat'><em>‚</em></span> <span class='ocrx_word' id='word_1_70' title='bbox 1091 409 1141 440; x_wconf 79' lang='lat' dir='ltr'>nili</span> <span class='ocrx_word' id='word_1_71' title='bbox 1163 409 1197 439; x_wconf 82' lang='lat' dir='ltr'>ad</span> <span class='ocrx_word' id='word_1_72' title='bbox 1224 412 1375 442; x_wconf 82' lang='lat' dir='ltr'>hominum</span> <span class='ocrx_word' id='word_1_73' title='bbox 1400 380 1479 441; x_wconf 69' lang='lat' dir='ltr'>ussum</span> <span class='ocrx_word' id='word_1_74' title='bbox 1493 423 1575 443; x_wconf 87' lang='lat' dir='ltr'>com-</span> 
     </span>
     <span class='ocr_line' id='line_1_10' title="bbox 344 452 1575 499; baseline 0.002 -15"><span class='ocrx_word' id='word_1_75' title='bbox 344 465 467 497; x_wconf 83' lang='lat' dir='ltr'>paretur.</span> <span class='ocrx_word' id='word_1_76' title='bbox 494 454 559 484; x_wconf 89' lang='lat' dir='ltr'>Nec</span> <span class='ocrx_word' id='word_1_77' title='bbox 575 465 670 485; x_wconf 82' lang='lat' dir='ltr'>tamen</span> <span class='ocrx_word' id='word_1_78' title='bbox 690 452 808 495; x_wconf 85' lang='lat' dir='ltr'>Physica</span> <span class='ocrx_word' id='word_1_79' title='bbox 831 456 1047 497; x_wconf 82' lang='lat' dir='ltr'>experimenta,</span> <span class='ocrx_word' id='word_1_80' title='bbox 1067 463 1132 483; x_wconf 86' lang='lat' dir='ltr'>cum</span> <span class='ocrx_word' id='word_1_81' title='bbox 1153 453 1260 485; x_wconf 81' lang='lat' dir='ltr'>occasio</span> <span class='ocrx_word' id='word_1_82' title='bbox 1283 455 1369 493; x_wconf 86' lang='lat' dir='ltr'>tulit,</span> <span class='ocrx_word' id='word_1_83' title='bbox 1393 457 1476 485; x_wconf 82' lang='lat' dir='ltr'>tacita</span> <span class='ocrx_word' id='word_1_84' title='bbox 1499 466 1575 499; x_wconf 69' lang='lat' dir='ltr'>pize-</span> 
     </span>
     <span class='ocr_line' id='line_1_11' title="bbox 345 496 559 529; baseline 0.005 -1"><span class='ocrx_word' id='word_1_85' title='bbox 345 499 429 529; x_wconf 87' lang='lat' dir='ltr'>tcrire</span> <span class='ocrx_word' id='word_1_86' title='bbox 458 496 559 529; x_wconf 86' lang='lat' dir='ltr'>voluit.</span> 
     </span>
    </p>

    <p class='ocr_par' dir='ltr' id='par_1_4' title="bbox 344 539 1576 742">
     <span class='ocr_line' id='line_1_12' title="bbox 394 539 1574 582; baseline 0.001 -13"><span class='ocrx_word' id='word_1_87' title='bbox 394 541 491 580; x_wconf 83' lang='lat' dir='ltr'>Qare</span> <span class='ocrx_word' id='word_1_88' title='bbox 513 551 547 570; x_wconf 92' lang='lat' dir='ltr'>eo</span> <span class='ocrx_word' id='word_1_89' title='bbox 569 551 646 571; x_wconf 80' lang='lat' dir='ltr'>anno</span> <span class='ocrx_word' id='word_1_90' title='bbox 667 541 696 570; x_wconf 93' lang='lat' dir='ltr'>D</span> <span class='ocrx_word' id='word_1_91' title='bbox 711 541 751 570; x_wconf 90' lang='lat' dir='ltr'>D.</span> <span class='ocrx_word' id='word_1_92' title='bbox 768 539 896 570; x_wconf 85' lang='lat' dir='ltr'>Perrault</span> <span class='ocrx_word' id='word_1_93' title='bbox 912 560 921 573; x_wconf 89' lang='lat'>,</span> <span class='ocrx_word' id='word_1_94' title='bbox 942 539 1066 578; x_wconf 83' lang='lat' dir='ltr'>Pecquet</span> <span class='ocrx_word' id='word_1_95' title='bbox 1090 540 1119 568; x_wconf 72' lang='grc' dir='ltr'>ὃ(</span> <span class='ocrx_word' id='word_1_96' title='bbox 1144 540 1257 579; x_wconf 62' lang='lat' dir='ltr'>Gayent</span> <span class='ocrx_word' id='word_1_97' title='bbox 1276 539 1423 582; x_wconf 84' lang='lat' dir='ltr'>complura</span> <span class='ocrx_word' id='word_1_98' title='bbox 1438 540 1574 570; x_wconf 76' lang='lat' dir='ltr'>animalia</span> 
     </span>
     <span class='ocr_line' id='line_1_13' title="bbox 344 579 1575 626; baseline 0.002 -15"><span class='ocrx_word' id='word_1_99' title='bbox 344 592 432 624; x_wconf 85' lang='lat' dir='ltr'>eaque</span> <span class='ocrx_word' id='word_1_100' title='bbox 451 594 510 613; x_wconf 92' lang='lat' dir='ltr'>non</span> <span class='ocrx_word' id='word_1_101' title='bbox 532 582 658 626; x_wconf 80' lang='lat' dir='ltr'>vulgaria</span> <span class='ocrx_word' id='word_1_102' title='bbox 678 595 740 626; x_wconf 82' lang='lat' dir='ltr'>quae</span> <span class='ocrx_word' id='word_1_103' title='bbox 762 581 896 613; x_wconf 73' lang='lat' dir='ltr'>Versaliis</span> <span class='ocrx_word' id='word_1_104' title='bbox 915 579 987 624; x_wconf 73' lang='lat' dir='ltr'>jussu</span> <span class='ocrx_word' id='word_1_105' title='bbox 1003 582 1093 622; x_wconf 82' lang='lat' dir='ltr'>Regis</span> <span class='ocrx_word' id='word_1_106' title='bbox 1110 582 1297 613; x_wconf 72' lang='lat' dir='ltr'>Christianiss&#39;.</span> <span class='ocrx_word' id='word_1_107' title='bbox 1326 584 1361 614; x_wconf 88' lang='lat' dir='ltr'>ad</span> <span class='ocrx_word' id='word_1_108' title='bbox 1386 582 1575 614; x_wconf 54' lang='lat' dir='ltr'>Academiam</span> 
     </span>
     <span class='ocr_line' id='line_1_14' title="bbox 345 623 1576 668; baseline 0.002 -15"><span class='ocrx_word' id='word_1_109' title='bbox 345 624 408 655; x_wconf 87' lang='lat' dir='ltr'>sunt</span> <span class='ocrx_word' id='word_1_110' title='bbox 429 624 568 668; x_wconf 85' lang='lat' dir='ltr'>asportata</span> <span class='ocrx_word' id='word_1_111' title='bbox 583 648 592 660; x_wconf 92' lang='lat'>,</span> <span class='ocrx_word' id='word_1_112' title='bbox 617 625 782 668; x_wconf 84' lang='lat' dir='ltr'>diligentius</span> <span class='ocrx_word' id='word_1_113' title='bbox 800 624 1016 668; x_wconf 85' lang='lat' dir='ltr'>expenderunt,</span> <span class='ocrx_word' id='word_1_114' title='bbox 1039 623 1243 665; x_wconf 78' lang='lat' dir='ltr'>descriptiones</span> <span class='ocrx_word' id='word_1_115' title='bbox 1265 637 1363 655; x_wconf 86' lang='lat' dir='ltr'>eorum</span> <span class='ocrx_word' id='word_1_116' title='bbox 1389 629 1418 656; x_wconf 62' lang='grc' dir='ltr'>δέ</span> <span class='ocrx_word' id='word_1_117' title='bbox 1439 625 1576 656; x_wconf 79' lang='lat' dir='ltr'>observa-</span> 
     </span>
     <span class='ocr_line' id='line_1_15' title="bbox 344 666 1575 711; baseline 0.003 -15"><span class='ocrx_word' id='word_1_118' title='bbox 344 669 437 698; x_wconf 86' lang='lat' dir='ltr'>tiones</span> <span class='ocrx_word' id='word_1_119' title='bbox 455 672 550 711; x_wconf 81' lang='lat' dir='ltr'>paucis</span> <span class='ocrx_word' id='word_1_120' title='bbox 569 669 630 711; x_wconf 86' lang='lat' dir='ltr'>post</span> <span class='ocrx_word' id='word_1_121' title='bbox 649 672 730 699; x_wconf 78' lang='lat' dir='ltr'>annis</span> <span class='ocrx_word' id='word_1_122' title='bbox 746 670 820 711; x_wconf 88' lang='lat' dir='ltr'>typis</span> <span class='ocrx_word' id='word_1_123' title='bbox 843 666 969 702; x_wconf 76' lang='lat' dir='ltr'>excusae,</span> <span class='ocrx_word' id='word_1_124' title='bbox 989 666 1060 697; x_wconf 86' lang='lat' dir='ltr'>adeo</span> <span class='ocrx_word' id='word_1_125' title='bbox 1080 678 1110 696; x_wconf 88' lang='lat' dir='ltr'>ut</span> <span class='ocrx_word' id='word_1_126' title='bbox 1132 667 1367 711; x_wconf 81' lang='lat' dir='ltr'>supervacaneum</span> <span class='ocrx_word' id='word_1_127' title='bbox 1391 668 1519 700; x_wconf 74' lang='lat' dir='ltr'>videatur</span> <span class='ocrx_word' id='word_1_128' title='bbox 1540 670 1575 700; x_wconf 91' lang='lat' dir='ltr'>de</span> 
     </span>
     <span class='ocr_line' id='line_1_16' title="bbox 344 710 743 742; baseline 0 -2"><span class='ocrx_word' id='word_1_129' title='bbox 344 711 379 740; x_wconf 86' lang='lat' dir='ltr'>iis</span> <span class='ocrx_word' id='word_1_130' title='bbox 401 722 477 741; x_wconf 92' lang='lat' dir='ltr'>nunc</span> <span class='ocrx_word' id='word_1_131' title='bbox 499 711 584 742; x_wconf 78' lang='lat' dir='ltr'>fusius</span> <span class='ocrx_word' id='word_1_132' title='bbox 605 710 743 742; x_wconf 77' lang='lat' dir='ltr'>differere.</span> 
     </span>
    </p>

    <p class='ocr_par' dir='ltr' id='par_1_5' title="bbox 342 752 1575 840">
     <span class='ocr_line' id='line_1_17' title="bbox 391 752 1575 797; baseline 0.001 -12"><span class='ocrx_word' id='word_1_133' title='bbox 391 754 471 785; x_wconf 87' lang='lat' dir='ltr'>Cum</span> <span class='ocrx_word' id='word_1_134' title='bbox 492 753 644 785; x_wconf 78' lang='lat' dir='ltr'>defuerunt</span> <span class='ocrx_word' id='word_1_135' title='bbox 663 752 805 795; x_wconf 80' lang='lat' dir='ltr'>ejusmodi</span> <span class='ocrx_word' id='word_1_136' title='bbox 826 752 960 784; x_wconf 81' lang='lat' dir='ltr'>animalia</span> <span class='ocrx_word' id='word_1_137' title='bbox 980 775 990 788; x_wconf 93' lang='lat'><em>,</em></span> <span class='ocrx_word' id='word_1_138' title='bbox 1013 753 1126 796; x_wconf 77' lang='lat' dir='ltr'>vulgata</span> <span class='ocrx_word' id='word_1_139' title='bbox 1150 756 1239 797; x_wconf 82' lang='lat' dir='ltr'>tnagis</span> <span class='ocrx_word' id='word_1_140' title='bbox 1260 756 1289 785; x_wconf 74' lang='grc' dir='ltr'>ὃ(</span> <span class='ocrx_word' id='word_1_141' title='bbox 1308 764 1375 784; x_wconf 84' lang='lat' dir='ltr'>nota</span> <span class='ocrx_word' id='word_1_142' title='bbox 1394 753 1487 785; x_wconf 90' lang='lat' dir='ltr'>cultro</span> <span class='ocrx_word' id='word_1_143' title='bbox 1509 753 1575 786; x_wconf 83' lang='lat' dir='ltr'>sub-</span> 
     </span>
     <span class='ocr_line' id='line_1_18' title="bbox 342 797 1014 840; baseline 0 -13"><span class='ocrx_word' id='word_1_144' title='bbox 342 797 417 839; x_wconf 70' lang='lat' dir='ltr'>je&amp;a</span> <span class='ocrx_word' id='word_1_145' title='bbox 431 819 440 832; x_wconf 93' lang='lat'><em>,</em></span> <span class='ocrx_word' id='word_1_146' title='bbox 465 800 496 827; x_wconf 74' lang='grc' dir='ltr'>δι</span> <span class='ocrx_word' id='word_1_147' title='bbox 510 808 576 828; x_wconf 87' lang='lat' dir='ltr'>cum</span> <span class='ocrx_word' id='word_1_148' title='bbox 595 797 739 840; x_wconf 79' lang='lat' dir='ltr'>prioribus</span> <span class='ocrx_word' id='word_1_149' title='bbox 759 797 821 828; x_wconf 90' lang='lat' dir='ltr'>sunt</span> <span class='ocrx_word' id='word_1_150' title='bbox 842 807 1014 839; x_wconf 76' lang='lat' dir='ltr'>comparata.</span> 
     </span>
    </p>

    <p class='ocr_par' dir='ltr' id='par_1_6' title="bbox 344 838 1580 1399">
     <span class='ocr_line' id='line_1_19' title="bbox 394 838 1577 883; baseline 0.002 -13"><span class='ocrx_word' id='word_1_151' title='bbox 394 839 555 883; x_wconf 77' lang='lat' dir='ltr'>Complura</span> <span class='ocrx_word' id='word_1_152' title='bbox 577 843 662 871; x_wconf 88' lang='lat' dir='ltr'>etiam</span> <span class='ocrx_word' id='word_1_153' title='bbox 686 843 714 871; x_wconf 93' lang='lat' dir='ltr'>in</span> <span class='ocrx_word' id='word_1_154' title='bbox 732 842 806 871; x_wconf 84' lang='lat' dir='ltr'>vivis</span> <span class='ocrx_word' id='word_1_155' title='bbox 823 838 1018 870; x_wconf 84' lang='lat' dir='ltr'>animantibus</span> <span class='ocrx_word' id='word_1_156' title='bbox 1041 843 1138 871; x_wconf 86' lang='lat' dir='ltr'>iterata</span> <span class='ocrx_word' id='word_1_157' title='bbox 1163 838 1225 870; x_wconf 92' lang='lat' dir='ltr'>sunt</span> <span class='ocrx_word' id='word_1_158' title='bbox 1245 842 1438 882; x_wconf 79' lang='lat' dir='ltr'>experimenta</span> <span class='ocrx_word' id='word_1_159' title='bbox 1460 862 1469 875; x_wconf 88' lang='lat'><em>,</em></span> <span class='ocrx_word' id='word_1_160' title='bbox 1489 843 1577 872; x_wconf 83' lang='lat' dir='ltr'>variis</span> 
     </span>
     <span class='ocr_line' id='line_1_20' title="bbox 345 881 1579 926; baseline 0 -12"><span class='ocrx_word' id='word_1_161' title='bbox 345 885 376 914; x_wconf 74' lang='lat' dir='ltr'>in</span> <span class='ocrx_word' id='word_1_162' title='bbox 399 881 462 914; x_wconf 87' lang='lat' dir='ltr'>vasa</span> <span class='ocrx_word' id='word_1_163' title='bbox 482 884 596 924; x_wconf 58' lang='lat' dir='ltr'>injectis</span> <span class='ocrx_word' id='word_1_164' title='bbox 619 882 779 925; x_wconf 79' lang='lat' dir='ltr'>liquoribus</span> <span class='ocrx_word' id='word_1_165' title='bbox 793 905 802 918; x_wconf 87' lang='lat'>‚</span> <span class='ocrx_word' id='word_1_166' title='bbox 824 894 883 924; x_wconf 87' lang='lat' dir='ltr'>quo</span> <span class='ocrx_word' id='word_1_167' title='bbox 901 882 1044 924; x_wconf 83' lang='lat' dir='ltr'>sanguinis</span> <span class='ocrx_word' id='word_1_168' title='bbox 1066 895 1114 926; x_wconf 84' lang='lat' dir='ltr'>per</span> <span class='ocrx_word' id='word_1_169' title='bbox 1132 894 1181 913; x_wconf 90' lang='lat' dir='ltr'>cor</span> <span class='ocrx_word' id='word_1_170' title='bbox 1194 904 1204 917; x_wconf 90' lang='lat'>‚</span> <span class='ocrx_word' id='word_1_171' title='bbox 1221 881 1372 924; x_wconf 85' lang='lat' dir='ltr'>pulmones</span> <span class='ocrx_word' id='word_1_172' title='bbox 1385 905 1394 917; x_wconf 95' lang='lat'><em>,</em></span> <span class='ocrx_word' id='word_1_173' title='bbox 1411 886 1524 913; x_wconf 74' lang='lat' dir='ltr'>arterias</span> <span class='ocrx_word' id='word_1_174' title='bbox 1545 895 1579 915; x_wconf 83' lang='lat' dir='ltr'>ex</span> 
     </span>
     <span class='ocr_line' id='line_1_21' title="bbox 348 923 1577 970; baseline 0.002 -14"><span class='ocrx_word' id='word_1_175' title='bbox 348 924 494 968; x_wconf 87' lang='lat' dir='ltr'>liquorum</span> <span class='ocrx_word' id='word_1_176' title='bbox 508 926 676 958; x_wconf 84' lang='lat' dir='ltr'>admistione</span> <span class='ocrx_word' id='word_1_177' title='bbox 692 925 849 970; x_wconf 85' lang='lat' dir='ltr'>perturbati</span> <span class='ocrx_word' id='word_1_178' title='bbox 864 936 959 956; x_wconf 88' lang='lat' dir='ltr'>motus</span> <span class='ocrx_word' id='word_1_179' title='bbox 977 926 1164 956; x_wconf 84' lang='lat' dir='ltr'>animadverti</span> <span class='ocrx_word' id='word_1_180' title='bbox 1186 923 1305 968; x_wconf 76' lang='lat' dir='ltr'>possent.</span> <span class='ocrx_word' id='word_1_181' title='bbox 1341 927 1453 967; x_wconf 55' lang='lat' dir='ltr'>injecto</span> <span class='ocrx_word' id='word_1_182' title='bbox 1467 948 1475 961; x_wconf 91' lang='lat'><em>‚</em></span> <span class='ocrx_word' id='word_1_183' title='bbox 1501 937 1525 957; x_wconf 83' lang='grc' dir='ltr'>ν.</span> <span class='ocrx_word' id='word_1_184' title='bbox 1547 939 1577 970; x_wconf 88' lang='lat' dir='ltr'>g.</span> 
     </span>
     <span class='ocr_line' id='line_1_22' title="bbox 347 967 1576 1012; baseline 0 -13"><span class='ocrx_word' id='word_1_185' title='bbox 347 967 446 1012; x_wconf 88' lang='lat' dir='ltr'>spiritu</span> <span class='ocrx_word' id='word_1_186' title='bbox 468 969 578 1000; x_wconf 91' lang='lat' dir='ltr'>vitrioli</span> <span class='ocrx_word' id='word_1_187' title='bbox 608 973 637 1000; x_wconf 91' lang='lat' dir='ltr'>in</span> <span class='ocrx_word' id='word_1_188' title='bbox 663 968 823 1012; x_wconf 84' lang='lat' dir='ltr'>jugularem</span> <span class='ocrx_word' id='word_1_189' title='bbox 842 979 947 1000; x_wconf 79' lang='lat' dir='ltr'>venam</span> <span class='ocrx_word' id='word_1_190' title='bbox 967 971 1044 999; x_wconf 86' lang='lat' dir='ltr'>canis</span> <span class='ocrx_word' id='word_1_191' title='bbox 1066 992 1077 1005; x_wconf 93' lang='lat'><em>,</em></span> <span class='ocrx_word' id='word_1_192' title='bbox 1104 980 1138 999; x_wconf 89' lang='lat' dir='ltr'>eo</span> <span class='ocrx_word' id='word_1_193' title='bbox 1156 968 1217 1012; x_wconf 85' lang='lat' dir='ltr'>post</span> <span class='ocrx_word' id='word_1_194' title='bbox 1239 979 1258 1003; x_wconf 82' lang='lat'>4</span> <span class='ocrx_word' id='word_1_195' title='bbox 1294 969 1371 999; x_wconf 85' lang='lat' dir='ltr'>horae</span> <span class='ocrx_word' id='word_1_196' title='bbox 1395 971 1503 999; x_wconf 82' lang='lat' dir='ltr'>minuta</span> <span class='ocrx_word' id='word_1_197' title='bbox 1527 981 1576 1000; x_wconf 90' lang='lat' dir='ltr'>cx-</span> 
     </span>
     <span class='ocr_line' id='line_1_23' title="bbox 346 1009 1580 1055; baseline 0.002 -13"><span class='ocrx_word' id='word_1_198' title='bbox 346 1013 439 1042; x_wconf 69' lang='lat' dir='ltr'>tinsto</span> <span class='ocrx_word' id='word_1_199' title='bbox 452 1037 460 1050; x_wconf 92' lang='lat'>,</span> <span class='ocrx_word' id='word_1_200' title='bbox 480 1011 592 1055; x_wconf 87' lang='lat' dir='ltr'>sanguis</span> <span class='ocrx_word' id='word_1_201' title='bbox 612 1023 683 1042; x_wconf 83' lang='lat' dir='ltr'>vena</span> <span class='ocrx_word' id='word_1_202' title='bbox 703 1011 847 1054; x_wconf 75' lang='lat' dir='ltr'>jugulari,</span> <span class='ocrx_word' id='word_1_203' title='bbox 867 1022 934 1042; x_wconf 77' lang='lat' dir='ltr'>cava</span> <span class='ocrx_word' id='word_1_204' title='bbox 955 1009 1114 1054; x_wconf 86' lang='lat' dir='ltr'>superiori,</span> <span class='ocrx_word' id='word_1_205' title='bbox 1136 1010 1230 1042; x_wconf 89' lang='lat' dir='ltr'>cordis</span> <span class='ocrx_word' id='word_1_206' title='bbox 1252 1010 1417 1042; x_wconf 82' lang='lat' dir='ltr'>ventriculis</span> <span class='ocrx_word' id='word_1_207' title='bbox 1430 1033 1439 1046; x_wconf 95' lang='lat'><em>,</em></span> <span class='ocrx_word' id='word_1_208' title='bbox 1461 1014 1491 1042; x_wconf 70' lang='grc' dir='ltr'>ὅ(</span> <span class='ocrx_word' id='word_1_209' title='bbox 1510 1012 1580 1044; x_wconf 77' lang='lat' dir='ltr'>vasis</span> 
     </span>
     <span class='ocr_line' id='line_1_24' title="bbox 344 1053 1579 1098; baseline 0.002 -14"><span class='ocrx_word' id='word_1_210' title='bbox 344 1053 519 1098; x_wconf 88' lang='lat' dir='ltr'>pulmonum</span> <span class='ocrx_word' id='word_1_211' title='bbox 547 1065 701 1085; x_wconf 83' lang='lat' dir='ltr'>contentus</span> <span class='ocrx_word' id='word_1_212' title='bbox 727 1057 850 1085; x_wconf 79' lang='lat' dir='ltr'>omnino</span> <span class='ocrx_word' id='word_1_213' title='bbox 869 1053 1033 1096; x_wconf 81' lang='lat' dir='ltr'>coagulatus</span> <span class='ocrx_word' id='word_1_214' title='bbox 1047 1077 1057 1089; x_wconf 89' lang='lat'>‚</span> <span class='ocrx_word' id='word_1_215' title='bbox 1078 1065 1139 1085; x_wconf 90' lang='lat' dir='ltr'>atro</span> <span class='ocrx_word' id='word_1_216' title='bbox 1163 1053 1258 1084; x_wconf 86' lang='lat' dir='ltr'>colore</span> <span class='ocrx_word' id='word_1_217' title='bbox 1281 1054 1402 1084; x_wconf 66' lang='lat' dir='ltr'>infestus</span> <span class='ocrx_word' id='word_1_218' title='bbox 1423 1058 1454 1087; x_wconf 77' lang='grc' dir='ltr'>δι</span> <span class='ocrx_word' id='word_1_219' title='bbox 1481 1055 1579 1087; x_wconf 82' lang='lat' dir='ltr'>acidus</span> 
     </span>
     <span class='ocr_line' id='line_1_25' title="bbox 346 1095 1579 1140; baseline 0.002 -13"><span class='ocrx_word' id='word_1_220' title='bbox 346 1100 484 1140; x_wconf 79' lang='lat' dir='ltr'>apparuit.</span> <span class='ocrx_word' id='word_1_221' title='bbox 512 1097 672 1140; x_wconf 87' lang='lat' dir='ltr'>Reliquum</span> <span class='ocrx_word' id='word_1_222' title='bbox 684 1096 828 1140; x_wconf 81' lang='lat' dir='ltr'>sanguinis</span> <span class='ocrx_word' id='word_1_223' title='bbox 840 1107 914 1128; x_wconf 87' lang='lat' dir='ltr'>vena</span> <span class='ocrx_word' id='word_1_224' title='bbox 929 1107 997 1127; x_wconf 81' lang='lat' dir='ltr'>cava</span> <span class='ocrx_word' id='word_1_225' title='bbox 1011 1096 1145 1128; x_wconf 88' lang='lat' dir='ltr'>inferiore</span> <span class='ocrx_word' id='word_1_226' title='bbox 1159 1095 1283 1127; x_wconf 79' lang='lat' dir='ltr'>conclusi</span> <span class='ocrx_word' id='word_1_227' title='bbox 1302 1096 1351 1128; x_wconf 88' lang='lat' dir='ltr'>sub</span> <span class='ocrx_word' id='word_1_228' title='bbox 1366 1097 1579 1140; x_wconf 84' lang='lat' dir='ltr'>diaphragmate</span> 
     </span>
     <span class='ocr_line' id='line_1_26' title="bbox 347 1138 1580 1184; baseline -0.002 -14"><span class='ocrx_word' id='word_1_229' title='bbox 347 1139 518 1172; x_wconf 83' lang='lat' dir='ltr'>fluiditatem</span> <span class='ocrx_word' id='word_1_230' title='bbox 538 1140 616 1172; x_wconf 89' lang='lat' dir='ltr'>suam</span> <span class='ocrx_word' id='word_1_231' title='bbox 637 1144 763 1173; x_wconf 88' lang='lat' dir='ltr'>retinuit.</span> <span class='ocrx_word' id='word_1_232' title='bbox 785 1142 906 1182; x_wconf 80' lang='lat' dir='ltr'>Spiritus</span> <span class='ocrx_word' id='word_1_233' title='bbox 924 1150 1040 1182; x_wconf 90' lang='lat' dir='ltr'>quoque</span> <span class='ocrx_word' id='word_1_234' title='bbox 1057 1139 1196 1184; x_wconf 87' lang='lat' dir='ltr'>sulphuris</span> <span class='ocrx_word' id='word_1_235' title='bbox 1209 1162 1218 1175; x_wconf 93' lang='lat'><em>‚</em></span> <span class='ocrx_word' id='word_1_236' title='bbox 1236 1138 1299 1170; x_wconf 84' lang='lat' dir='ltr'>salis</span> <span class='ocrx_word' id='word_1_237' title='bbox 1317 1143 1506 1176; x_wconf 79' lang='lat' dir='ltr'>ammoniaci,</span> <span class='ocrx_word' id='word_1_238' title='bbox 1522 1141 1580 1184; x_wconf 81' lang='lat' dir='ltr'>spi-</span> 
     </span>
     <span class='ocr_line' id='line_1_27' title="bbox 345 1181 1578 1226; baseline 0.001 -12"><span class='ocrx_word' id='word_1_239' title='bbox 345 1187 414 1215; x_wconf 88' lang='lat' dir='ltr'>ritus</span> <span class='ocrx_word' id='word_1_240' title='bbox 440 1186 501 1215; x_wconf 90' lang='lat' dir='ltr'>vini</span> <span class='ocrx_word' id='word_1_241' title='bbox 529 1186 559 1215; x_wconf 88' lang='lat' dir='ltr'>in</span> <span class='ocrx_word' id='word_1_242' title='bbox 587 1195 673 1215; x_wconf 88' lang='lat' dir='ltr'>venas</span> <span class='ocrx_word' id='word_1_243' title='bbox 698 1182 811 1226; x_wconf 82' lang='lat' dir='ltr'>impulsi</span> <span class='ocrx_word' id='word_1_244' title='bbox 830 1183 928 1214; x_wconf 86' lang='lat' dir='ltr'>multis</span> <span class='ocrx_word' id='word_1_245' title='bbox 946 1181 1193 1214; x_wconf 87' lang='lat' dir='ltr'>observationibus</span> <span class='ocrx_word' id='word_1_246' title='bbox 1211 1182 1308 1213; x_wconf 88' lang='lat' dir='ltr'>locum</span> <span class='ocrx_word' id='word_1_247' title='bbox 1330 1182 1454 1218; x_wconf 84' lang='lat' dir='ltr'>dedere,</span> <span class='ocrx_word' id='word_1_248' title='bbox 1474 1183 1578 1226; x_wconf 84' lang='lat' dir='ltr'>quibus</span> 
     </span>
     <span class='ocr_line' id='line_1_28' title="bbox 346 1224 1579 1269; baseline 0.002 -13"><span class='ocrx_word' id='word_1_249' title='bbox 346 1230 481 1258; x_wconf 80' lang='lat' dir='ltr'>circuitus</span> <span class='ocrx_word' id='word_1_250' title='bbox 499 1227 641 1269; x_wconf 82' lang='lat' dir='ltr'>sanguinis</span> <span class='ocrx_word' id='word_1_251' title='bbox 655 1238 714 1257; x_wconf 88' lang='lat' dir='ltr'>non</span> <span class='ocrx_word' id='word_1_252' title='bbox 727 1225 910 1257; x_wconf 84' lang='lat' dir='ltr'>mediocriter</span> <span class='ocrx_word' id='word_1_253' title='bbox 927 1224 981 1256; x_wconf 84' lang='lat' dir='ltr'>fuit</span> <span class='ocrx_word' id='word_1_254' title='bbox 993 1224 1143 1257; x_wconf 83' lang='lat' dir='ltr'>illustratus</span> <span class='ocrx_word' id='word_1_255' title='bbox 1155 1248 1167 1261; x_wconf 90' lang='lat'><strong><em>,</em></strong></span> <span class='ocrx_word' id='word_1_256' title='bbox 1182 1236 1264 1266; x_wconf 84' lang='lat' dir='ltr'>atque</span> <span class='ocrx_word' id='word_1_257' title='bbox 1282 1224 1494 1257; x_wconf 77' lang='lat' dir='ltr'>observationes</span> <span class='ocrx_word' id='word_1_258' title='bbox 1505 1230 1579 1259; x_wconf 85' lang='lat' dir='ltr'>circa</span> 
     </span>
     <span class='ocr_line' id='line_1_29' title="bbox 347 1266 1578 1312; baseline 0.002 -13"><span class='ocrx_word' id='word_1_259' title='bbox 347 1268 470 1301; x_wconf 86' lang='lat' dir='ltr'>fluorem</span> <span class='ocrx_word' id='word_1_260' title='bbox 489 1272 519 1301; x_wconf 75' lang='grc' dir='ltr'>δε</span> <span class='ocrx_word' id='word_1_261' title='bbox 541 1268 792 1301; x_wconf 85' lang='lat' dir='ltr'>condensationem</span> <span class='ocrx_word' id='word_1_262' title='bbox 818 1269 962 1312; x_wconf 89' lang='lat' dir='ltr'>liquorum</span> <span class='ocrx_word' id='word_1_263' title='bbox 981 1266 1117 1311; x_wconf 81' lang='lat' dir='ltr'>superiori</span> <span class='ocrx_word' id='word_1_264' title='bbox 1129 1279 1205 1299; x_wconf 85' lang='lat' dir='ltr'>anno</span> <span class='ocrx_word' id='word_1_265' title='bbox 1221 1268 1301 1299; x_wconf 65' lang='lat' dir='ltr'>fastae</span> <span class='ocrx_word' id='word_1_266' title='bbox 1319 1269 1386 1299; x_wconf 86' lang='lat' dir='ltr'>hinc</span> <span class='ocrx_word' id='word_1_267' title='bbox 1401 1268 1578 1302; x_wconf 69' lang='lat' dir='ltr'>confirmatae</span> 
     </span>
     <span class='ocr_line' id='line_1_30' title="bbox 348 1310 1579 1355; baseline 0.001 -12"><span class='ocrx_word' id='word_1_268' title='bbox 348 1311 472 1345; x_wconf 88' lang='lat' dir='ltr'>fuerunt.</span> <span class='ocrx_word' id='word_1_269' title='bbox 489 1313 569 1344; x_wconf 88' lang='lat' dir='ltr'>Nam</span> <span class='ocrx_word' id='word_1_270' title='bbox 583 1312 707 1355; x_wconf 85' lang='lat' dir='ltr'>liquores</span> <span class='ocrx_word' id='word_1_271' title='bbox 720 1312 792 1343; x_wconf 86' lang='lat' dir='ltr'>acidi</span> <span class='ocrx_word' id='word_1_272' title='bbox 806 1311 1035 1355; x_wconf 81' lang='lat' dir='ltr'>coagulationem</span> <span class='ocrx_word' id='word_1_273' title='bbox 1050 1336 1060 1351; x_wconf 91' lang='lat'><em>,</em></span> <span class='ocrx_word' id='word_1_274' title='bbox 1074 1323 1150 1342; x_wconf 86' lang='lat' dir='ltr'>acres</span> <span class='ocrx_word' id='word_1_275' title='bbox 1167 1315 1198 1343; x_wconf 71' lang='grc' dir='ltr'>ὅ(</span> <span class='ocrx_word' id='word_1_276' title='bbox 1213 1310 1345 1342; x_wconf 76' lang='lat' dir='ltr'>volatiles</span> <span class='ocrx_word' id='word_1_277' title='bbox 1359 1315 1497 1354; x_wconf 86' lang='lat' dir='ltr'>majorem</span> <span class='ocrx_word' id='word_1_278' title='bbox 1512 1312 1579 1345; x_wconf 86' lang='lat' dir='ltr'>flui-</span> 
     </span>
     <span class='ocr_line' id='line_1_31' title="bbox 347 1355 804 1399; baseline 0 -12"><span class='ocrx_word' id='word_1_279' title='bbox 347 1355 466 1388; x_wconf 84' lang='lat' dir='ltr'>ditatem</span> <span class='ocrx_word' id='word_1_280' title='bbox 489 1356 618 1399; x_wconf 85' lang='lat' dir='ltr'>sanguini</span> <span class='ocrx_word' id='word_1_281' title='bbox 640 1355 804 1387; x_wconf 82' lang='lat' dir='ltr'>attulerunt.</span> 
     </span>
    </p>

    <p class='ocr_par' dir='ltr' id='par_1_7' title="bbox 346 1397 1579 1614">
     <span class='ocr_line' id='line_1_32' title="bbox 394 1397 1579 1442; baseline 0.003 -13"><span class='ocrx_word' id='word_1_282' title='bbox 394 1402 442 1431; x_wconf 87' lang='lat'>11.</span> <span class='ocrx_word' id='word_1_283' title='bbox 482 1400 548 1430; x_wconf 88' lang='lat' dir='ltr'>Nec</span> <span class='ocrx_word' id='word_1_284' title='bbox 571 1399 681 1442; x_wconf 86' lang='lat' dir='ltr'>segnius</span> <span class='ocrx_word' id='word_1_285' title='bbox 704 1402 778 1430; x_wconf 88' lang='lat' dir='ltr'>circa</span> <span class='ocrx_word' id='word_1_286' title='bbox 799 1397 960 1442; x_wconf 86' lang='lat' dir='ltr'>plantarum</span> <span class='ocrx_word' id='word_1_287' title='bbox 981 1399 1127 1431; x_wconf 82' lang='lat' dir='ltr'>historiam</span> <span class='ocrx_word' id='word_1_288' title='bbox 1150 1397 1312 1431; x_wconf 86' lang='lat' dir='ltr'>laboratum</span> <span class='ocrx_word' id='word_1_289' title='bbox 1334 1410 1342 1435; x_wconf 75' lang='lat'><em>3</em></span> <span class='ocrx_word' id='word_1_290' title='bbox 1365 1410 1460 1430; x_wconf 90' lang='lat' dir='ltr'>earum</span> <span class='ocrx_word' id='word_1_291' title='bbox 1483 1402 1579 1432; x_wconf 84' lang='lat' dir='ltr'>icones</span> 
     </span>
     <span class='ocr_line' id='line_1_33' title="bbox 346 1440 1577 1484; baseline 0.003 -12"><span class='ocrx_word' id='word_1_292' title='bbox 346 1441 483 1473; x_wconf 81' lang='lat' dir='ltr'>delineari</span> <span class='ocrx_word' id='word_1_293' title='bbox 502 1464 513 1478; x_wconf 88' lang='lat'>,</span> <span class='ocrx_word' id='word_1_294' title='bbox 533 1453 622 1474; x_wconf 88' lang='lat' dir='ltr'>novas</span> <span class='ocrx_word' id='word_1_295' title='bbox 643 1443 658 1473; x_wconf 80' lang='grc' dir='ltr'>ὲ</span> <span class='ocrx_word' id='word_1_296' title='bbox 680 1440 782 1472; x_wconf 82' lang='lat' dir='ltr'>distitis</span> <span class='ocrx_word' id='word_1_297' title='bbox 801 1440 965 1484; x_wconf 84' lang='lat' dir='ltr'>regionibus</span> <span class='ocrx_word' id='word_1_298' title='bbox 988 1441 1086 1474; x_wconf 86' lang='lat' dir='ltr'>allatas</span> <span class='ocrx_word' id='word_1_299' title='bbox 1109 1441 1165 1473; x_wconf 86' lang='lat' dir='ltr'>coli</span> <span class='ocrx_word' id='word_1_300' title='bbox 1180 1465 1189 1478; x_wconf 92' lang='lat'>‚</span> <span class='ocrx_word' id='word_1_301' title='bbox 1211 1445 1241 1473; x_wconf 65' lang='grc' dir='ltr'>δε</span> <span class='ocrx_word' id='word_1_302' title='bbox 1261 1454 1356 1474; x_wconf 86' lang='lat' dir='ltr'>earum</span> <span class='ocrx_word' id='word_1_303' title='bbox 1378 1443 1480 1473; x_wconf 87' lang='lat' dir='ltr'>semina</span> <span class='ocrx_word' id='word_1_304' title='bbox 1499 1453 1577 1476; x_wconf 76' lang='lat' dir='ltr'>terrae</span> 
     </span>
     <span class='ocr_line' id='line_1_34' title="bbox 347 1483 1577 1528; baseline 0.002 -12"><span class='ocrx_word' id='word_1_305' title='bbox 347 1485 476 1516; x_wconf 86' lang='lat' dir='ltr'>mandati</span> <span class='ocrx_word' id='word_1_306' title='bbox 492 1496 622 1528; x_wconf 84' lang='lat' dir='ltr'>coeptum</span> <span class='ocrx_word' id='word_1_307' title='bbox 636 1485 683 1515; x_wconf 84' lang='lat' dir='ltr'>est.</span> <span class='ocrx_word' id='word_1_308' title='bbox 714 1486 852 1527; x_wconf 88' lang='lat' dir='ltr'>Stirpium</span> <span class='ocrx_word' id='word_1_309' title='bbox 867 1483 1070 1528; x_wconf 84' lang='lat' dir='ltr'>descriptiones</span> <span class='ocrx_word' id='word_1_310' title='bbox 1089 1485 1105 1516; x_wconf 71' lang='grc' dir='ltr'>ὲ</span> <span class='ocrx_word' id='word_1_311' title='bbox 1122 1487 1163 1517; x_wconf 92' lang='lat' dir='ltr'>D.</span> <span class='ocrx_word' id='word_1_312' title='bbox 1178 1486 1332 1517; x_wconf 85' lang='lat' dir='ltr'>Marchant</span> <span class='ocrx_word' id='word_1_313' title='bbox 1347 1485 1499 1516; x_wconf 76' lang='lat' dir='ltr'>elaboraxae</span> <span class='ocrx_word' id='word_1_314' title='bbox 1512 1497 1577 1518; x_wconf 88' lang='lat' dir='ltr'>eum</span> 
     </span>
     <span class='ocr_line' id='line_1_35' title="bbox 347 1527 1577 1574; baseline 0.002 -16"><span class='ocrx_word' id='word_1_315' title='bbox 347 1527 412 1570; x_wconf 80' lang='lat' dir='ltr'>ipfis</span> <span class='ocrx_word' id='word_1_316' title='bbox 431 1529 561 1572; x_wconf 85' lang='lat' dir='ltr'>stirpibus</span> <span class='ocrx_word' id='word_1_317' title='bbox 582 1527 644 1561; x_wconf 89' lang='lat' dir='ltr'>sunt</span> <span class='ocrx_word' id='word_1_318' title='bbox 659 1527 790 1564; x_wconf 79' lang='lat' dir='ltr'>collatae,</span> <span class='ocrx_word' id='word_1_319' title='bbox 804 1527 820 1558; x_wconf 71' lang='grc' dir='ltr'>ὲ</span> <span class='ocrx_word' id='word_1_320' title='bbox 835 1528 878 1560; x_wconf 91' lang='lat' dir='ltr'>D.</span> <span class='ocrx_word' id='word_1_321' title='bbox 893 1528 1007 1560; x_wconf 88' lang='lat' dir='ltr'>Dodatt</span> <span class='ocrx_word' id='word_1_322' title='bbox 1020 1530 1116 1574; x_wconf 77' lang='lat' dir='ltr'>postea</span> <span class='ocrx_word' id='word_1_323' title='bbox 1130 1532 1160 1559; x_wconf 90' lang='lat' dir='ltr'>in</span> <span class='ocrx_word' id='word_1_324' title='bbox 1181 1528 1314 1560; x_wconf 87' lang='lat' dir='ltr'>ordinem</span> <span class='ocrx_word' id='word_1_325' title='bbox 1330 1528 1442 1572; x_wconf 78' lang='lat' dir='ltr'>digestae</span> <span class='ocrx_word' id='word_1_326' title='bbox 1456 1551 1466 1564; x_wconf 91' lang='lat'><em>‚</em></span> <span class='ocrx_word' id='word_1_327' title='bbox 1488 1532 1517 1560; x_wconf 64' lang='grc' dir='ltr'>δέ</span> <span class='ocrx_word' id='word_1_328' title='bbox 1535 1529 1577 1560; x_wconf 88' lang='lat' dir='ltr'>di-</span> 
     </span>
     <span class='ocr_line' id='line_1_36' title="bbox 347 1571 610 1614; baseline 0.004 -12"><span class='ocrx_word' id='word_1_329' title='bbox 347 1571 468 1614; x_wconf 86' lang='lat' dir='ltr'>ligentet</span> <span class='ocrx_word' id='word_1_330' title='bbox 495 1572 610 1603; x_wconf 61' lang='lat' dir='ltr'>excusae.</span> 
     </span>
    </p>

    <p class='ocr_par' dir='ltr' id='par_1_8' title="bbox 350 1613 1577 1830">
     <span class='ocr_line' id='line_1_37' title="bbox 394 1613 1576 1660; baseline 0.003 -16"><span class='ocrx_word' id='word_1_331' title='bbox 394 1616 435 1645; x_wconf 83' lang='lat' dir='ltr'>Eo</span> <span class='ocrx_word' id='word_1_332' title='bbox 453 1627 530 1646; x_wconf 88' lang='lat' dir='ltr'>anno</span> <span class='ocrx_word' id='word_1_333' title='bbox 553 1615 596 1647; x_wconf 86' lang='lat' dir='ltr'>sex</span> <span class='ocrx_word' id='word_1_334' title='bbox 627 1619 656 1647; x_wconf 71' lang='grc' dir='ltr'>δε</span> <span class='ocrx_word' id='word_1_335' title='bbox 680 1617 783 1658; x_wconf 88' lang='lat' dir='ltr'>viginti</span> <span class='ocrx_word' id='word_1_336' title='bbox 811 1614 912 1659; x_wconf 80' lang='lat' dir='ltr'>plantae</span> <span class='ocrx_word' id='word_1_337' title='bbox 930 1614 992 1647; x_wconf 91' lang='lat' dir='ltr'>sunt</span> <span class='ocrx_word' id='word_1_338' title='bbox 1011 1613 1157 1658; x_wconf 78' lang='lat' dir='ltr'>descriptae</span> <span class='ocrx_word' id='word_1_339' title='bbox 1179 1619 1209 1647; x_wconf 72' lang='grc' dir='ltr'>δι</span> <span class='ocrx_word' id='word_1_340' title='bbox 1232 1616 1387 1660; x_wconf 69' lang='lat' dir='ltr'>explicatae.</span> <span class='ocrx_word' id='word_1_341' title='bbox 1423 1616 1471 1646; x_wconf 91' lang='lat' dir='ltr'>De</span> <span class='ocrx_word' id='word_1_342' title='bbox 1497 1615 1576 1647; x_wconf 90' lang='lat' dir='ltr'>visco</span> 
     </span>
     <span class='ocr_line' id='line_1_38' title="bbox 350 1657 1577 1701; baseline 0.002 -14"><span class='ocrx_word' id='word_1_343' title='bbox 350 1658 472 1700; x_wconf 71' lang='lat' dir='ltr'>quercus</span> <span class='ocrx_word' id='word_1_344' title='bbox 492 1662 521 1690; x_wconf 76' lang='grc' dir='ltr'>δε</span> <span class='ocrx_word' id='word_1_345' title='bbox 540 1662 599 1699; x_wconf 77' lang='lat' dir='ltr'>ejus</span> <span class='ocrx_word' id='word_1_346' title='bbox 620 1661 732 1700; x_wconf 83' lang='lat' dir='ltr'>origine</span> <span class='ocrx_word' id='word_1_347' title='bbox 753 1658 806 1689; x_wconf 91' lang='lat' dir='ltr'>fuit</span> <span class='ocrx_word' id='word_1_348' title='bbox 825 1659 1022 1701; x_wconf 82' lang='lat' dir='ltr'>disceptatum.</span> <span class='ocrx_word' id='word_1_349' title='bbox 1051 1658 1152 1690; x_wconf 87' lang='lat' dir='ltr'>Visum</span> <span class='ocrx_word' id='word_1_350' title='bbox 1172 1660 1209 1690; x_wconf 85' lang='lat' dir='ltr'>est</span> <span class='ocrx_word' id='word_1_351' title='bbox 1228 1660 1269 1691; x_wconf 87' lang='lat' dir='ltr'>D.</span> <span class='ocrx_word' id='word_1_352' title='bbox 1284 1657 1482 1690; x_wconf 84' lang='lat' dir='ltr'>Perraulteam</span> <span class='ocrx_word' id='word_1_353' title='bbox 1499 1659 1577 1701; x_wconf 84' lang='lat' dir='ltr'>plan-</span> 
     </span>
     <span class='ocr_line' id='line_1_39' title="bbox 350 1701 1577 1744; baseline 0.002 -14"><span class='ocrx_word' id='word_1_354' title='bbox 350 1710 407 1731; x_wconf 82' lang='lat' dir='ltr'>tam</span> <span class='ocrx_word' id='word_1_355' title='bbox 428 1713 486 1732; x_wconf 89' lang='lat' dir='ltr'>non</span> <span class='ocrx_word' id='word_1_356' title='bbox 505 1704 520 1733; x_wconf 76' lang='grc' dir='ltr'>ὲ</span> <span class='ocrx_word' id='word_1_357' title='bbox 538 1701 644 1733; x_wconf 87' lang='lat' dir='ltr'>semine</span> <span class='ocrx_word' id='word_1_358' title='bbox 659 1701 728 1731; x_wconf 85' lang='lat' dir='ltr'>foris</span> <span class='ocrx_word' id='word_1_359' title='bbox 748 1701 833 1732; x_wconf 82' lang='lat' dir='ltr'>allato</span> <span class='ocrx_word' id='word_1_360' title='bbox 850 1724 859 1737; x_wconf 94' lang='lat'><em>,</em></span> <span class='ocrx_word' id='word_1_361' title='bbox 884 1702 929 1732; x_wconf 90' lang='lat' dir='ltr'>sed</span> <span class='ocrx_word' id='word_1_362' title='bbox 943 1714 976 1732; x_wconf 86' lang='lat' dir='ltr'>ex</span> <span class='ocrx_word' id='word_1_363' title='bbox 991 1703 1049 1744; x_wconf 84' lang='lat' dir='ltr'>ipsa</span> <span class='ocrx_word' id='word_1_364' title='bbox 1069 1701 1170 1733; x_wconf 80' lang='lat' dir='ltr'>arbore</span> <span class='ocrx_word' id='word_1_365' title='bbox 1197 1702 1271 1733; x_wconf 83' lang='lat' dir='ltr'>nasci</span> <span class='ocrx_word' id='word_1_366' title='bbox 1286 1725 1295 1737; x_wconf 96' lang='lat'>,</span> <span class='ocrx_word' id='word_1_367' title='bbox 1315 1711 1399 1740; x_wconf 84' lang='lat' dir='ltr'>atque</span> <span class='ocrx_word' id='word_1_368' title='bbox 1417 1712 1451 1730; x_wconf 80' lang='lat' dir='ltr'>ex</span> <span class='ocrx_word' id='word_1_369' title='bbox 1475 1704 1577 1733; x_wconf 81' lang='lat' dir='ltr'>intima</span> 
     </span>
     <span class='ocr_line' id='line_1_40' title="bbox 350 1744 1576 1788; baseline 0.002 -14"><span class='ocrx_word' id='word_1_370' title='bbox 350 1744 477 1775; x_wconf 81' lang='lat' dir='ltr'>medulla</span> <span class='ocrx_word' id='word_1_371' title='bbox 503 1748 646 1788; x_wconf 85' lang='lat' dir='ltr'>originem</span> <span class='ocrx_word' id='word_1_372' title='bbox 663 1744 739 1774; x_wconf 85' lang='lat' dir='ltr'>suam</span> <span class='ocrx_word' id='word_1_373' title='bbox 752 1744 864 1775; x_wconf 88' lang='lat' dir='ltr'>ducere.</span> <span class='ocrx_word' id='word_1_374' title='bbox 890 1746 930 1775; x_wconf 82' lang='lat' dir='ltr'>At</span> <span class='ocrx_word' id='word_1_375' title='bbox 947 1744 1015 1776; x_wconf 83' lang='lat' dir='ltr'>visci</span> <span class='ocrx_word' id='word_1_376' title='bbox 1032 1744 1166 1776; x_wconf 85' lang='lat' dir='ltr'>arborum</span> <span class='ocrx_word' id='word_1_377' title='bbox 1182 1748 1324 1788; x_wconf 82' lang='lat' dir='ltr'>originem</span> <span class='ocrx_word' id='word_1_378' title='bbox 1341 1744 1381 1774; x_wconf 89' lang='lat' dir='ltr'>D.</span> <span class='ocrx_word' id='word_1_379' title='bbox 1396 1744 1576 1776; x_wconf 85' lang='lat' dir='ltr'>Tournefott</span> 
     </span>
     <span class='ocr_line' id='line_1_41' title="bbox 351 1786 1456 1830; baseline 0 -13"><span class='ocrx_word' id='word_1_380' title='bbox 351 1790 448 1830; x_wconf 77' lang='lat' dir='ltr'>paucis</span> <span class='ocrx_word' id='word_1_381' title='bbox 464 1787 568 1819; x_wconf 83' lang='lat' dir='ltr'>abhinc</span> <span class='ocrx_word' id='word_1_382' title='bbox 583 1791 662 1819; x_wconf 85' lang='lat' dir='ltr'>annis</span> <span class='ocrx_word' id='word_1_383' title='bbox 676 1787 841 1830; x_wconf 80' lang='lat' dir='ltr'>diligentius</span> <span class='ocrx_word' id='word_1_384' title='bbox 853 1787 980 1830; x_wconf 85' lang='lat' dir='ltr'>exposuit</span> <span class='ocrx_word' id='word_1_385' title='bbox 995 1801 1001 1818; x_wconf 90' lang='lat'>:</span> <span class='ocrx_word' id='word_1_386' title='bbox 1020 1798 1075 1830; x_wconf 86' lang='lat' dir='ltr'>qua</span> <span class='ocrx_word' id='word_1_387' title='bbox 1086 1788 1121 1818; x_wconf 87' lang='lat' dir='ltr'>de</span> <span class='ocrx_word' id='word_1_388' title='bbox 1138 1800 1166 1819; x_wconf 88' lang='lat' dir='ltr'>re</span> <span class='ocrx_word' id='word_1_389' title='bbox 1180 1788 1230 1820; x_wconf 89' lang='lat' dir='ltr'>suo</span> <span class='ocrx_word' id='word_1_390' title='bbox 1241 1788 1306 1819; x_wconf 92' lang='lat' dir='ltr'>loco</span> <span class='ocrx_word' id='word_1_391' title='bbox 1317 1786 1456 1817; x_wconf 87' lang='lat' dir='ltr'>dicemus.</span> 
     </span>
    </p>

    <p class='ocr_par' dir='ltr' id='par_1_9' title="bbox 348 1828 1575 2003">
     <span class='ocr_line' id='line_1_42' title="bbox 394 1828 1575 1874; baseline 0.002 -14"><span class='ocrx_word' id='word_1_392' title='bbox 394 1833 463 1861; x_wconf 90' lang='lat'>111.</span> <span class='ocrx_word' id='word_1_393' title='bbox 507 1831 615 1862; x_wconf 74' lang='lat' dir='ltr'>Placuit</span> <span class='ocrx_word' id='word_1_394' title='bbox 637 1833 722 1861; x_wconf 86' lang='lat' dir='ltr'>ctiam</span> <span class='ocrx_word' id='word_1_395' title='bbox 742 1831 870 1874; x_wconf 85' lang='lat' dir='ltr'>stirpium</span> <span class='ocrx_word' id='word_1_396' title='bbox 889 1831 1010 1862; x_wconf 74' lang='lat' dir='ltr'>historiae</span> <span class='ocrx_word' id='word_1_397' title='bbox 1032 1834 1062 1861; x_wconf 83' lang='lat'>&amp;</span> <span class='ocrx_word' id='word_1_398' title='bbox 1084 1830 1267 1874; x_wconf 84' lang='lat' dir='ltr'>descriptioni</span> <span class='ocrx_word' id='word_1_399' title='bbox 1286 1828 1420 1872; x_wconf 89' lang='lat' dir='ltr'>quasdam</span> <span class='ocrx_word' id='word_1_400' title='bbox 1442 1829 1575 1862; x_wconf 84' lang='lat' dir='ltr'>observa-</span> 
     </span>
     <span class='ocr_line' id='line_1_43' title="bbox 348 1873 1575 1915; baseline 0.002 -13"><span class='ocrx_word' id='word_1_401' title='bbox 348 1875 440 1903; x_wconf 90' lang='lat' dir='ltr'>tiones</span> <span class='ocrx_word' id='word_1_402' title='bbox 460 1877 533 1904; x_wconf 89' lang='lat' dir='ltr'>circa</span> <span class='ocrx_word' id='word_1_403' title='bbox 553 1885 649 1905; x_wconf 85' lang='lat' dir='ltr'>earum</span> <span class='ocrx_word' id='word_1_404' title='bbox 663 1873 797 1915; x_wconf 80' lang='lat' dir='ltr'>analyfim</span> <span class='ocrx_word' id='word_1_405' title='bbox 822 1873 966 1915; x_wconf 73' lang='lat' dir='ltr'>subjicere.</span> <span class='ocrx_word' id='word_1_406' title='bbox 999 1876 1065 1915; x_wconf 85' lang='lat' dir='ltr'>Qa</span> <span class='ocrx_word' id='word_1_407' title='bbox 1086 1884 1179 1904; x_wconf 84' lang='lat' dir='ltr'>autem</span> <span class='ocrx_word' id='word_1_408' title='bbox 1199 1873 1338 1904; x_wconf 86' lang='lat' dir='ltr'>methodo</span> <span class='ocrx_word' id='word_1_409' title='bbox 1353 1898 1361 1910; x_wconf 84' lang='lat'>,</span> <span class='ocrx_word' id='word_1_410' title='bbox 1381 1884 1472 1915; x_wconf 80' lang='lat' dir='ltr'>quave</span> <span class='ocrx_word' id='word_1_411' title='bbox 1488 1876 1575 1904; x_wconf 79' lang='lat' dir='ltr'>ratio-</span> 
     </span>
     <span class='ocr_line' id='line_1_44' title="bbox 349 1915 1573 1960; baseline 0.002 -14"><span class='ocrx_word' id='word_1_412' title='bbox 349 1927 384 1946; x_wconf 90' lang='lat' dir='ltr'>nc</span> <span class='ocrx_word' id='word_1_413' title='bbox 401 1928 431 1946; x_wconf 78' lang='lat' dir='ltr'>ca</span> <span class='ocrx_word' id='word_1_414' title='bbox 448 1919 476 1946; x_wconf 92' lang='lat' dir='ltr'>in</span> <span class='ocrx_word' id='word_1_415' title='bbox 497 1928 525 1947; x_wconf 91' lang='lat' dir='ltr'>re</span> <span class='ocrx_word' id='word_1_416' title='bbox 539 1916 753 1960; x_wconf 79' lang='lat' dir='ltr'>procedendum</span> <span class='ocrx_word' id='word_1_417' title='bbox 772 1915 837 1947; x_wconf 79' lang='lat' dir='ltr'>esset</span> <span class='ocrx_word' id='word_1_418' title='bbox 851 1942 858 1956; x_wconf 91' lang='lat'>,</span> <span class='ocrx_word' id='word_1_419' title='bbox 874 1917 1008 1959; x_wconf 82' lang='lat' dir='ltr'>peculiari</span> <span class='ocrx_word' id='word_1_420' title='bbox 1017 1915 1209 1948; x_wconf 78' lang='lat' dir='ltr'>dissertatione</span> <span class='ocrx_word' id='word_1_421' title='bbox 1225 1919 1267 1949; x_wconf 85' lang='lat' dir='ltr'>D.</span> <span class='ocrx_word' id='word_1_422' title='bbox 1282 1918 1332 1947; x_wconf 89' lang='lat' dir='ltr'>Du</span> <span class='ocrx_word' id='word_1_423' title='bbox 1346 1916 1417 1947; x_wconf 88' lang='lat' dir='ltr'>Clos</span> <span class='ocrx_word' id='word_1_424' title='bbox 1428 1919 1573 1960; x_wconf 74' lang='lat' dir='ltr'>exposuit,</span> 
     </span>
     <span class='ocr_line' id='line_1_45' title="bbox 349 1959 951 2003; baseline 0 -14"><span class='ocrx_word' id='word_1_425' title='bbox 349 1970 379 1989; x_wconf 83' lang='lat' dir='ltr'>re</span> <span class='ocrx_word' id='word_1_426' title='bbox 400 1962 481 1990; x_wconf 81' lang='lat' dir='ltr'>omni</span> <span class='ocrx_word' id='word_1_427' title='bbox 500 1959 535 1990; x_wconf 86' lang='lat' dir='ltr'>ab</span> <span class='ocrx_word' id='word_1_428' title='bbox 554 1959 649 1990; x_wconf 79' lang='lat' dir='ltr'>altiori</span> <span class='ocrx_word' id='word_1_429' title='bbox 662 1962 804 2002; x_wconf 84' lang='lat' dir='ltr'>principio</span> <span class='ocrx_word' id='word_1_430' title='bbox 826 1963 951 2003; x_wconf 86' lang='lat' dir='ltr'>repetita.</span> 
     </span>
    </p>

    <p class='ocr_par' dir='ltr' id='par_1_10' title="bbox 348 2002 1573 2132">
     <span class='ocr_line' id='line_1_46' title="bbox 394 2002 1573 2046; baseline 0.002 -13"><span class='ocrx_word' id='word_1_431' title='bbox 394 2003 549 2046; x_wconf 79' lang='lat' dir='ltr'>Praecipuas</span> <span class='ocrx_word' id='word_1_432' title='bbox 570 2003 696 2046; x_wconf 82' lang='lat' dir='ltr'>stirpium</span> <span class='ocrx_word' id='word_1_433' title='bbox 720 2014 810 2046; x_wconf 77' lang='lat' dir='ltr'>partes</span> <span class='ocrx_word' id='word_1_434' title='bbox 832 2026 841 2039; x_wconf 89' lang='lat'><em>,</em></span> <span class='ocrx_word' id='word_1_435' title='bbox 863 2014 984 2046; x_wconf 80' lang='lat' dir='ltr'>quaeque</span> <span class='ocrx_word' id='word_1_436' title='bbox 1009 2014 1056 2034; x_wconf 79' lang='lat' dir='ltr'>aut</span> <span class='ocrx_word' id='word_1_437' title='bbox 1076 2002 1187 2035; x_wconf 68' lang='lat' dir='ltr'>{incerte</span> <span class='ocrx_word' id='word_1_438' title='bbox 1202 2026 1212 2039; x_wconf 90' lang='lat'><em>‚</em></span> <span class='ocrx_word' id='word_1_439' title='bbox 1241 2015 1288 2035; x_wconf 85' lang='lat' dir='ltr'>aut</span> <span class='ocrx_word' id='word_1_440' title='bbox 1314 2002 1446 2035; x_wconf 86' lang='lat' dir='ltr'>nonnihil</span> <span class='ocrx_word' id='word_1_441' title='bbox 1467 2006 1573 2035; x_wconf 87' lang='lat' dir='ltr'>immu-</span> 
     </span>
     <span class='ocr_line' id='line_1_47' title="bbox 350 2045 1573 2089; baseline 0.002 -12"><span class='ocrx_word' id='word_1_442' title='bbox 350 2057 414 2077; x_wconf 65' lang='grc' dir='ltr'><strong>πει-τ</strong></span> <span class='ocrx_word' id='word_1_443' title='bbox 435 2057 478 2076; x_wconf 82' lang='lat' dir='ltr'>eas</span> <span class='ocrx_word' id='word_1_444' title='bbox 501 2046 673 2078; x_wconf 85' lang='lat' dir='ltr'>constituunt</span> <span class='ocrx_word' id='word_1_445' title='bbox 689 2069 698 2082; x_wconf 90' lang='lat'>‚</span> <span class='ocrx_word' id='word_1_446' title='bbox 726 2049 855 2089; x_wconf 86' lang='lat' dir='ltr'>spiritum</span> <span class='ocrx_word' id='word_1_447' title='bbox 875 2046 929 2077; x_wconf 76' lang='lat' dir='ltr'>esse</span> <span class='ocrx_word' id='word_1_448' title='bbox 942 2069 951 2082; x_wconf 90' lang='lat'><em>‚</em></span> <span class='ocrx_word' id='word_1_449' title='bbox 971 2045 1068 2078; x_wconf 89' lang='lat' dir='ltr'>oleum</span> <span class='ocrx_word' id='word_1_450' title='bbox 1087 2050 1115 2077; x_wconf 56' lang='grc' dir='ltr'>ὅ(</span> <span class='ocrx_word' id='word_1_451' title='bbox 1136 2047 1219 2078; x_wconf 83' lang='lat' dir='ltr'>salem</span> <span class='ocrx_word' id='word_1_452' title='bbox 1243 2047 1344 2079; x_wconf 88' lang='lat' dir='ltr'>aiebat.</span> <span class='ocrx_word' id='word_1_453' title='bbox 1371 2049 1449 2078; x_wconf 77' lang='lat' dir='ltr'>Nam</span> <span class='ocrx_word' id='word_1_454' title='bbox 1470 2058 1573 2089; x_wconf 84' lang='lat' dir='ltr'>aquam</span> 
     </span>
     <span class='ocr_line' id='line_1_48' title="bbox 348 2088 1571 2132; baseline 0.002 -13"><span class='ocrx_word' id='word_1_455' title='bbox 348 2089 392 2119; x_wconf 85' lang='lat' dir='ltr'>vel</span> <span class='ocrx_word' id='word_1_456' title='bbox 417 2088 551 2132; x_wconf 85' lang='lat' dir='ltr'>phlegma</span> <span class='ocrx_word' id='word_1_457' title='bbox 572 2088 725 2132; x_wconf 82' lang='lat' dir='ltr'>insipidum</span> <span class='ocrx_word' id='word_1_458' title='bbox 749 2093 779 2121; x_wconf 70' lang='grc' dir='ltr'>ὅ(</span> <span class='ocrx_word' id='word_1_459' title='bbox 805 2100 907 2121; x_wconf 81' lang='lat' dir='ltr'>tetram</span> <span class='ocrx_word' id='word_1_460' title='bbox 929 2102 1029 2132; x_wconf 85' lang='lat' dir='ltr'>puram</span> <span class='ocrx_word' id='word_1_461' title='bbox 1050 2094 1144 2121; x_wconf 86' lang='lat' dir='ltr'>omnis</span> <span class='ocrx_word' id='word_1_462' title='bbox 1165 2089 1298 2132; x_wconf 77' lang='lat' dir='ltr'>specifica:</span> <span class='ocrx_word' id='word_1_463' title='bbox 1319 2090 1482 2132; x_wconf 84' lang='lat' dir='ltr'>qualitatis,</span> <span class='ocrx_word' id='word_1_464' title='bbox 1507 2101 1571 2132; x_wconf 83' lang='lat' dir='ltr'>quae</span> 
     </span>
    </p>
   </div>
   <div class='ocr_carea' id='block_1_3' title="bbox 322 2131 1572 2179">
    <p class='ocr_par' dir='ltr' id='par_1_11' title="bbox 322 2131 1572 2179">
     <span class='ocr_line' id='line_1_49' title="bbox 322 2131 1572 2179; baseline -0.001 -15"><span class='ocrx_word' id='word_1_465' title='bbox 322 2169 326 2173; x_wconf 92' lang='lat'><strong>.</strong></span> <span class='ocrx_word' id='word_1_466' title='bbox 348 2131 431 2164; x_wconf 84' lang='lat' dir='ltr'>nobis</span> <span class='ocrx_word' id='word_1_467' title='bbox 455 2132 488 2166; x_wconf 83' lang='lat' dir='ltr'>fit</span> <span class='ocrx_word' id='word_1_468' title='bbox 506 2133 653 2178; x_wconf 57' lang='lat' dir='ltr'>perspcih</span> <span class='ocrx_word' id='word_1_469' title='bbox 665 2156 676 2171; x_wconf 88' lang='lat'><em>,</em></span> <span class='ocrx_word' id='word_1_470' title='bbox 704 2136 826 2179; x_wconf 82' lang='lat' dir='ltr'>omnino</span> <span class='ocrx_word' id='word_1_471' title='bbox 844 2136 969 2177; x_wconf 83' lang='lat' dir='ltr'>expertia</span> <span class='ocrx_word' id='word_1_472' title='bbox 990 2132 1045 2177; x_wconf 76' lang='lat' dir='ltr'>effe</span> <span class='ocrx_word' id='word_1_473' title='bbox 1065 2133 1251 2178; x_wconf 51' lang='lat' dir='ltr'>existimabat.</span> <span class='ocrx_word' id='word_1_474' title='bbox 1285 2132 1422 2168; x_wconf 83' lang='lat' dir='ltr'>Distillati</span> <span class='ocrx_word' id='word_1_475' title='bbox 1442 2132 1572 2177; x_wconf 81' lang='lat' dir='ltr'>liquores</span> 
     </span>
    </p>
   </div>
   <div class='ocr_carea' id='block_1_4' title="bbox 1508 2175 1565 2217">
    <p class='ocr_par' dir='ltr' id='par_1_12' title="bbox 1508 2175 1565 2217">
     <span class='ocr_line' id='line_1_50' title="bbox 1508 2175 1565 2217; baseline 0.018 -1"><span class='ocrx_word' id='word_1_476' title='bbox 1508 2175 1565 2217; x_wconf 60' lang='grc' dir='ltr'>[εἰς</span> 
     </span>
    </p>
   </div>
  </div>
 </body>
</html>
