1638 2345
281 103 578 137 ACADEMIAE
613 101 897 134 HISTORIA.
935 101 1024 132 an.
1057 104 1098 134 11.
1240 115 1291 142 1-9

69 149 190 183 vocibus
216 147 431 187 abstinendum,
451 158 514 190 qua:
530 145 730 178 eruditioribus
745 144 859 176 tantum
879 155 954 176 notae
980 144 1068 180 sunt·‚
1089 144 1149 175 imo
1172 155 1208 175 ne
1229 116 1290 179 Mt-
1309 149 1383 179 Me-

69 195 228 225 thematicis
250 191 368 234 quidem
383 190 671 221 demonstrationibus
695 187 744 219 nisi
759 199 842 232 parce
865 187 1023 220 admodum
1038 187 1186 221 utendum.
1209 191 1293 222 Non·
1309 191 1386 222 chan,

71 237 158 267 nullis
185 247 281 267 tamen
304 236 395 266 visum
414 235 451 264 est
475 235 659 264 Geometrico
677 233 779 263 ordine
796 231 1010 275 procedendum
1022 256 1031 269 ,
1049 229 1232 273 definitiones
1250 238 1299 264 ni-

70 283 176 310 mirum
199 283 229 310 δέ
245 281 386 309 axiomata
405 275 619 320 praemittenda‚
639 280 700 307 imo
713 274 921 319 propositiones
935 286 998 318 quae
1014 275 1076 305 sunt
1098 275 1175 305 velut
1194 274 1300 308 funda-

72 333 168 353 menta
185 323 268 364 hujus
292 322 411 351 scienriae
435 320 470 350 de
492 319 582 357 libra,
606 318 690 363 plano
717 319 854 350 inclinato
868 341 879 354 ,
898 322 927 349 &
953 317 973 349 fi
989 317 1050 348 fieri
1063 319 1152 360 potest
1173 318 1211 350 de
1229 320 1301 350 mal-

72 364 119 395 leo
142 369 172 397 &
189 365 307 396 elaterio
324 364 528 394 demonstratas
549 372 693 405 oportere.
713 364 820 401 Qove
834 373 866 392 ea
878 360 987 393 facilius
1003 361 1246 403 intelligerentur,
1269 363 1302 393 il—

73 407 124 439 lud
143 419 202 438 non
226 407 350 438 alienum
374 406 410 437 ab
427 406 554 436 instituto
572 405 645 436 foret
665 404 901 447 compendiosam
914 407 1135 448 proportionum
1156 407 1302 437 [motatio-

74 462 140 481 nem
162 452 227 482 huic
248 454 328 494 operi
350 447 495 493 praefigere
509 471 517 484 ‚
542 452 569 479 in
593 459 647 490 qua
664 449 858 478 Theoremata
880 459 929 490 pet
953 458 1086 478 numeros
1103 449 1304 480 tantummodo

74 493 347 525 demonstrarentur·
370 495 427 524 Vix
454 495 530 522 enim
555 490 613 521 ficri
633 491 722 534 potest
739 513 746 525 ‚
767 502 797 522 ut
812 494 860 532 qui
876 491 892 521 Ξι
910 493 1074 521 Geomettia
1095 502 1153 520 non
1179 491 1241 522 sunt
1255 495 1304 523 in-

75 539 193 575 structi,
214 541 283 568 citra
302 537 420 568 brevem
441 536 512 565 hanc
538 535 702 566 Matheseos
726 535 862 577 Logicam
880 534 1075 565 machinarum
1096 533 1184 564 ullam
1207 535 1304 566 conse-

76 583 126 622 qui
146 579 250 623 poffint
269 583 477 622 cognitionem.

109 625 149 653 X.
174 623 233 653 Alii
253 622 403 653 censebant
424 633 482 651 non
505 619 572 651 alias
596 618 781 650 definitiones
804 619 891 660 quam
915 631 1009 650 rerum
1030 631 1092 663 qum
1112 624 1232 652 omnino
1255 634 1304 652 ne-

76 666 197 697 vessarim
215 666 397 707 judicantur,
422 666 555 709 praemitti
577 674 720 705 oportere.
746 673 772 692 2.
791 662 825 693 ld
845 666 940 705 magni
962 663 1065 694 referre
1080 685 1089 698 ‚
1115 675 1145 694 ut
1165 668 1196 694 iis
1221 677 1305 695 voca-

78 709 152 740 bulis
172 709 341 740 efferrentur
360 719 484 749 qnorum
512 705 670 737 intelltc‘tus
694 704 725 736 fit
748 705 855 740 facilis,
876 709 956 736 omni
976 706 1166 745 homonymia
1190 707 1303 739 sublata.

67 753 159 784 aNam
184 765 212 784 v.
227 764 268 794 gr.
289 763 344 782 vox
361 751 410 781 illa
428 752 599 780 Momentum
612 775 620 785 ,
636 760 695 779 non
713 760 772 778 uno
795 748 871 791 apud
896 750 1019 780 Antores
1033 749 1180 792 usurpatur
1196 753 1303 782 modo:

77 794 158 836 quod
182 794 355 826 discentibus
377 792 576 824 confusionem
593 794 675 835 parit.
702 803 724 831 3.
750 791 826 822 Solis
846 791 985 822 urendum
1004 794 1149 835 principiis
1163 804 1224 835 quae
1241 796 1307 824 Me-

80 839 211 869 chanices
236 841 349 882 propria
365 837 449 871 sunt,
475 838 508 866 iis
528 834 636 866 omiffis
661 846 723 877 quae
750 834 910 878 disciplinis
933 835 1069 866 omnibus
1092 837 1307 869 Mathematici,

79 880 141 913 sunt
152 884 325 913 communia.
338 879 485 912 Postremo
495 878 567 909 nihil
579 879 643 909 huic
656 881 735 921 operi
747 877 940 913 inserendum,
954 877 1003 908 nisi
1014 878 1043 909 id
1052 878 1144 909 solum
1158 880 1235 920 quod
1249 893 1307 911 ma-

81 927 173 955 chinis
196 923 369 967 explicandis
391 922 514 953 omnino
541 920 724 952 necessarium
745 921 880 956 videtum
908 923 1030 952 curioias
1051 925 1081 952 &
1107 922 1204 953 minus
1226 924 1308 955 utiles

79 979 147 998 cum
168 968 356 1011 quaestiones,
382 977 443 997 tum
455 965 712 996 demonstrationes
727 962 780 994 effe
803 965 940 996 vitandas.
963 964 1136 996 Cavendum
1155 968 1231 996 enim
1251 979 1308 998 ma-

83 1010 161 1041 xime
179 1023 213 1042 ne
237 1009 420 1042 multitudine
438 1020 531 1039 rerum
549 1019 619 1051 opus
637 1006 738 1038 inutile
761 1005 809 1038 fiat
823 1033 831 1043 ,
856 1019 928 1038 neve
944 1009 1121 1039 afflationis
1139 1007 1205 1039 loco
1223 1021 1308 1052 quam

83 1054 118 1084 ab
140 1054 297 1085 Academia
320 1055 385 1084 Rex
409 1051 549 1095 postulat,
576 1061 666 1093 partes
688 1061 759 1093 pene
780 1061 880 1080 omnes
900 1051 1025 1091 Phyficae
1053 1054 1082 1081 in
1098 1062 1187 1082 unum
1208 1064 1309 1097 corpus

83 1096 270 1129 adducantur.
287 1096 376 1138 Qod
397 1095 415 1126 si
434 1093 523 1125 multa
539 1093 574 1123 dc
595 1096 660 1135 igne
676 1115 684 1128 ‚
708 1096 772 1124 a'e're
793 1097 823 1124 &
847 1096 926 1135 aquis
941 1093 1085 1124 tractanda
1101 1093 1172 1130 fint,
1200 1107 1231 1126 ea
1244 1107 1310 1126 tan..

85 1139 147 1170 tum
170 1151 231 1182 quae
256 1152 326 1184 opus
360 1139 421 1169 sunt
435 1160 444 1173 ‚
478 1136 598 1167 dicenda
616 1159 625 1171 ,
655 1147 746 1177 neque
772 1148 814 1166 res
848 1147 905 1166 tam
941 1136 996 1167 late
1026 1135 1093 1167 fusae
1111 1141 1224 1180 penitus
1260 1152 1310 1170 ex-

85 1183 258 1214 hauriendae.
282 1186 349 1214 Eam
371 1180 496 1212 docendi
521 1182 660 1211 rationem
683 1182 845 1210 Geometris
865 1180 1024 1222 usurpatam
1048 1190 1166 1222 quaeque
1193 1184 1225 1212 iis
1247 1193 1311 1213 tan-

86 1227 238 1257 tummodo
254 1227 322 1270 sapit
342 1228 389 1268 qui
404 1225 468 1254 hnic
484 1226 580 1264 generi
596 1222 869 1253 demonstrationum
885 1221 947 1253 sunt
970 1222 1065 1253 allutti
1077 1245 1086 1258 ,
1108 1226 1202 1255 omitti
1222 1224 1307 1267 posse.

87 1268 121 1299 Id
142 1269 310 1300 enitendum
330 1266 470 1310 quantum
488 1266 549 1296 fieri
564 1267 654 1309 potest
667 1287 675 1300 ,
701 1276 731 1296 ut
753 1265 808 1296 hoc
830 1268 923 1308 operis
940 1266 1010 1296 utile
1033 1265 1085 1301 sit,
1110 1278 1233 1309 pronum
1246 1279 1309 1299 om.

87 1312 169 1343 nibus
183 1335 192 1348 ,
217 1324 275 1342 non
296 1310 484 1354 injucundum
507 1335 515 1348 ‚
532 1320 614 1352 atque
637 1307 672 1338 ab
689 1311 721 1338 iis
738 1310 787 1350 qui
808 1311 924 1351 ingenio
947 1312 976 1340 &
991 1313 1141 1340 communi
1157 1310 1236 1342 sensu
1251 1324 1310 1342 non

89 1355 152 1386 sunt
176 1356 297 1386 destituti
311 1378 319 1390 ‚
343 1356 404 1397 capi
419 1351 511 1397 poffit.

122 1401 176 1429 XI.
204 1398 293 1439 Qod
309 1397 344 1428 acl
362 1408 470 1440 partem
492 1395 607 1426 alteram
628 1398 721 1437 operis
739 1398 861 1431 attinet,
883 1398 911 1426 in
935 1407 968 1425 eo
982 1407 1052 1438 pene
1067 1407 1168 1427 omnes
1191 1400 1311 1429 consen-

88 1441 147 1472 sete
161 1464 170 1477 ‚
189 1453 219 1472 ut
235 1443 250 1470 a
263 1442 401 1472 machinis
419 1437 639 1482 fimplicioribus
659 1448 778 1478 quarum
799 1438 861 1469 usus
880 1438 963 1469 latius
983 1450 1057 1481 patet
1070 1462 1079 1474 ,
1095 1440 1245 1473 duceretur
1257 1446 1312 1474 ini-

90 1488 173 1516 tium.
199 1486 244 1515 Eae
269 1484 338 1515 veto
362 1486 392 1514 in
412 1493 498 1513 certas
516 1481 592 1512 velut
614 1479 707 1511 clall'cs
725 1480 850 1511 distribui
875 1481 1006 1525 pollunr‚
1028 1483 1157 1523 quaedam
1174 1484 1208 1515 ad
1234 1486 1313 1517 mili-

90 1539 178 1558 tarem
197 1527 340 1558 scientiam
354 1549 362 1562 ,
384 1526 443 1556 aliae
464 1524 500 1555 ad
518 1523 739 1568 agriculturam,
751 1535 797 1555 aut
816 1524 851 1555 ad
873 1528 1100 1567 navigationem,
1117 1525 1178 1557 alia:
1197 1527 1313 1560 demum

91 1570 125 1601 ad
142 1574 229 1601 varias
253 1582 323 1601 artes
339 1571 473 1611 spectant.

122 1616 208 1644 X11.
231 1612 391 1644 Nonnullis
411 1613 515 1655 placuit
528 1611 563 1642 ab
586 1613 619 1641 iis
641 1610 779 1641 machinis
797 1614 921 1653 incipere
939 1634 947 1646 ‚
966 1611 1068 1653 quibus
1089 1624 1189 1655 magna
1213 1613 1314 1645 subve-

92 1658 199 1688 huntur
225 1656 371 1700 pondera,
393 1667 453 1687 tum
473 1655 506 1685 :td
527 1666 571 1685 cas
596 1654 747 1697 progredi,
773 1653 877 1696 quibus
899 1666 977 1697 aqua!
1000 1655 1188 1692 attolluntur,
1204 1657 1254 1688 ubi
1281 1659 1316 1689 de

92 1700 213 1744 pistrinis
227 1722 236 1735 ,
258 1699 351 1730 antliis
374 1703 403 1730 ὅ(
425 1698 487 1729 aliis
510 1698 696 1732 traftabitut3
716 1707 807 1739 neque
829 1696 859 1727 id
879 1708 967 1728 unurn
988 1698 1185 1739 explicandum
1201 1711 1254 1742 qua
1269 1705 1315 1737 vi,

92 1754 183 1784 quave
205 1746 313 1774 ratione
336 1754 440 1785 aguit,
461 1741 507 1773 scd
531 1745 615 1772 etiam
636 1740 714 1784 quod
734 1744 763 1769 in
785 1751 880 1770 earum
905 1742 1116 1773 construffione
1138 1744 1318 1776 oblervatuni

96 1797 237 1827 oporteat.

132 1831 240 1859 XIII.
269 1827 344 1858 Illud
369 1839 485 1871 quoque
503 1828 556 1858 fuit
575 1826 749 1870 propositum
763 1837 792 1857 ut
806 1828 901 1870 primo
922 1825 986 1858 loco
1002 1839 1040 1858 eae
1060 1828 1200 1861 machina:
1216 1830 1318 1862 descll.

97 1872 229 1902 berentut
250 1882 311 1911 qux
330 1871 363 1900 ad
388 1883 457 1902 artes
473 1871 555 1901 latius
572 1870 644 1902 fusas
662 1870 790 1900 adhiberi
809 1869 919 1904 solent,
939 1874 969 1901 &
986 1871 1020 1901 ad
1040 1883 1084 1902 eas
1104 1875 1244 1916 imprimis
1258 1885 1318 1915 qva:

96 1925 170 1945 circa
189 1914 322 1948 metalla,
341 1914 446 1957 lapides
463 1936 470 1948 ‚
490 1914 566 1956 llgna
588 1924 775 1956 occupantnr.
797 1914 889 1956 Atque
912 1925 945 1943 ex
975 1914 1123 1946 metallicis
1148 1927 1186 1946 ca:
1209 1918 1318 1959 potitii-

97 1957 179 1988 nrum
199 1957 378 1998 seligerentur
393 1983 400 1993 ,
424 1968 486 1999 qux
505 1961 531 1987 in
554 1956 628 1987 ferro
650 1955 853 1999 pra-parando,
872 1959 948 1995 cujus
962 1960 989 1987 in
1005 1957 1097 1988 Gallia
1120 1963 1211 1997 niijor
1224 1960 1260 1989 cst
1273 1971 1320 1989 co-

98 2012 162 2042 pta,
187 2002 340 2030 versamur.
366 2000 452 2031 Unde
471 2000 505 2030 ab
526 2003 559 2030 iis
579 2000 670 2030 ordiri
690 2000 755 2030 licet
771 2022 780 2033 ,
800 2009 862 2040 quae
885 1998 1009 2031 fundunt
1023 2027 1030 2039 ‚
1055 2012 1113 2031 tuni
1133 2002 1165 2032 ad
1187 2013 1231 2032 eas
1253 2015 1320 2045 pro-

99 2043 177 2085 gredi
203 2055 264 2082 que.-
284 2042 351 2072 iilud
377 2055 495 2086 pviigant
509 2066 517 2078 ,
534 2044 674 2078 tundunt,
702 2047 731 2074 δέ
757 2042 791 2073 ad
812 2043 939 2072 diversos
959 2043 1022 2074 usus
1045 2056 1151 2086 patant.

147 2089 172 2117 X
189 2089 199 2116 1
215 2090 250 2117 V.
281 2087 336 2116 Dic
362 2097 403 2119 ιι..
427 2083 507 2129 junii
529 2088 570 2118 D.
600 2085 727 2118 Perrault
747 2086 762 2116 ὰ
794 2085 834 2117 Ι).
857 2086 982 2118 Colbert
1013 2087 1107 2117 millu<
1122 2109 1129 2120 ,
1151 2098 1213 2129 quae
1234 2089 1321 2132 Ragis

1080 2132 1106 2159 T
1128 2132 1157 2172 ij
