1638 2345
186 154 275 184 Avi«.

183 176 267 237 moy.

293 109 323 138 18
586 103 770 136 REGIAE
807 104 1224 139 SCIENTIARUM

325 150 387 181 v1.
423 149 491 179 Hoc
518 145 612 190 ipsum
629 147 798 179 confirmari
819 148 909 192 potest
929 159 961 178 ex
986 152 1020 180 iis
1036 160 1098 191 quae
1119 150 1159 180 D.
1182 148 1272 191 Boyle
1288 151 1318 180 in
1332 149 1471 182 Traehru
1489 150 1524 182 de

293 190 446 223 latentibus
462 188 632 234 quibusdam
652 191 836 235 qualitatibus
855 191 917 223 fust
942 191 1115 235 conscripsit.
1146 192 1179 224 Id
1199 196 1296 236 utique
1316 196 1375 235 jam
1402 195 1440 225 est
1461 206 1526 238 per-

292 233 574 278 vulgarum,glebas
589 237 668 266 nitro
690 234 740 266 suo
762 247 858 267 exutas
878 246 990 267 novum
1011 238 1079 267 nitri
1097 247 1272 280 proventum
1296 236 1413 280 adipisci
1430 260 1439 273 ‚
1456 237 1524 269 cum

292 281 352 310 a'c'ri
370 288 573 322 exponuntur,
597 278 654 309 hoc
675 289 790 322 quoque
809 282 838 309 in
858 278 983 310 alumine
1000 282 1166 322 contingere
1189 280 1302 313 testatur
1315 280 1472 323 Agricola·‚
1495 284 1528 312 in

291 321 411 352 vitriolo
422 320 561 352 calcinato
572 342 583 356 ,
594 323 624 352 in
647 321 759 353 fecibus
779 333 914 366 aquarum
937 322 1056 354 fortium
1070 322 1149 354 idem
1169 327 1275 355 evenit:
1290 322 1418 368 plerique
1431 325 1528 356 existi-

293 376 375 396 mant
397 367 481 396 novis
497 375 541 395 eas
559 364 662 397 salibus
685 367 867 409 imprxgnari
883 388 893 402 ‚
918 369 949 397 ὃ(
966 367 1027 408 post
1047 367 1157 408 aliquot
1180 366 1289 398 menses
1311 378 1344 398 ex
1364 370 1398 398 iis
1417 367 1528 400 fecibus

293 419 395 450 aquam
413 410 561 451 Stygiam,
583 420 633 452 per
651 420 788 441 retortam
803 409 936 441 extillari.
956 411 1062 454 Neque
1075 410 1106 442 id
1124 421 1204 441 vacat
1223 410 1382 454 expendere
1398 422 1434 441 an
1448 422 1528 453 qua:-

293 451 361 482 dam
382 451 415 484 fir
434 455 464 483 in
484 455 549 483 a'e're
570 451 721 484 substantia
741 452 868 485 volatilis
891 455 922 484 ὅ(
948 453 1034 485 salina
1048 479 1057 493 ,
1076 465 1138 497 quac
1163 453 1286 485 aliorum
1305 465 1461 497 corporum
1477 466 1527 486 na-

293 506 387 526 turam
412 493 498 526 facile
516 494 617 527 induat
630 518 640 531 ‚
663 496 750 539 idque
776 496 901 528 maxime
919 495 938 527 si
961 500 992 528 in
1013 500 1047 528 iis
1074 496 1244 541 corporibus
1265 497 1302 528 sal
1315 520 1324 533 ,
1343 509 1373 529 ut
1396 509 1501 529 vocant
1517 518 1528 533 ‚

293 537 400 570 Alxalc
423 539 508 570 instar
533 541 657 570 materiae
671 539 818 580 cujusdam
840 543 1002 571 communis
1021 539 1168 577 abundet,
1190 552 1276 583 quem
1298 540 1395 572 acidus
1415 553 1462 572 aut
1482 544 1529 571 ni-

294 584 330 612 tri
351 594 398 613 aut
421 580 530 613 vitrioli
552 583 664 626 spiritus
687 585 717 614 in
738 582 815 614 suam
836 586 979 616 convertit
1000 595 1148 618 naturam3
1170 583 1226 615 sive
1251 584 1382 627 quaedam
1400 583 1432 615 fit
1450 587 1479 615 in
1492 586 1528 616 iis

291 624 482 656 mineralibus
500 628 544 656 vis
564 624 685 668 analoga
707 625 863 657 seminibus
884 637 939 669 qua
964 625 1108 658 beneficio
1133 631 1206 659 aiiris
1233 628 1310 658 suam
1336 630 1528 659 maturitatem

292 666 473 712 affequantur
487 679 496 702 3
517 667 564 699 seu
581 668 706 712 denique
723 673 754 700 in
771 673 837 700 a'e‘re
851 668 991 702 fluetuent
1008 674 1141 703 omnium
1158 681 1231 715 pene
1245 670 1428 702 mineralium
1441 682 1528 714 gene-

292 723 344 747 ra,
367 723 430 755 quae
451 723 518 743 cum
540 710 592 743 sibi
609 715 737 756 cognatis
757 716 788 745 &
805 713 943 745 similibus
964 714 1174 746 consocientur.

324 759 351 788 V
365 758 377 787 Ι
392 757 414 787 1.
437 757 533 796 Hujus
557 759 744 800 experimenti
765 756 930 793 occasione,
950 757 1016 789 cum
1032 758 1066 788 de
1081 758 1209 801 lapidum
1231 762 1414 790 concretione
1432 768 1530 801 agere-

293 811 339 832 tur
354 822 362 836 ,
384 798 462 831 aliud
481 797 554 830 olim
573 798 589 830 ὲ
613 800 638 832 se
659 799 766 832 fastum
780 800 898 842 subjecit
911 805 1138 844 experimentum
1153 824 1161 838 ,
1184 813 1215 833 ac
1235 801 1302 833 licet
1314 802 1378 833 casu
1399 801 1528 844 quodam

293 847 461 880 incurrerit,
482 844 617 876 nonnihil
629 856 724 876 tamen
737 845 807 877 lucis
828 844 955 889 lapidum
973 848 1151 888 generationi
1163 844 1264 876 afferre
1275 846 1374 889 porcst.
1389 847 1462 877 Satis
1471 856 1530 876 tar-

292 891 346 919 tari
366 888 437 920 bene
454 891 564 931 purgari
587 892 617 919 &
641 892 737 921 vitreae
757 888 909 920 cucurbita:
922 888 1048 932 impoliti
1068 888 1148 921 librae
1161 892 1210 919 uni
1224 888 1293 920 duas
1316 891 1388 919 aceti
1407 887 1529 919 distilla-

294 935 315 962 ti
336 933 473 975 paularim
492 931 669 974 superfudit5
685 945 746 964 tum
761 944 856 976 aptato
871 932 1006 964 alembici
1021 932 1154 976 capitello
1181 935 1212 964 ὃ(
1227 931 1361 975 excipulo
1376 957 1384 970 ‚
1404 930 1529 962 distilla-

293 977 373 1006 tione
388 975 473 1011 fa&a,
492 974 628 1017 phlegma
647 975 849 1007 tantummodo
869 979 941 1008 aceti
963 978 1040 1007 exire
1065 975 1157 1007 visum
1179 976 1226 1008 est.
1251 976 1331 1006 Nam
1348 974 1434 1005 salam
1452 973 1530 1006 illius

295 1017 444 1049 volatilem
465 1016 503 1048 sal
522 1021 618 1049 tartari
635 1017 709 1050 fixus
727 1021 849 1050 retinere
865 1019 945 1051 solet.
959 1018 1044 1050 Alius
1057 1019 1174 1051 subinde
1191 1021 1263 1050 aceti
1281 1019 1393 1062 spiritus
1407 1017 1458 1049 sali
1470 1026 1531 1049 tar-=

295 1064 348 1092 tari
374 1062 476 1094 itidem
507 1060 614 1093 affusus
635 1062 697 1099 est,
718 1065 749 1094 δε
780 1061 921 1094 extillatus
939 1085 950 1098 ,
973 1061 1060 1105 idque
1084 1061 1182 1107 saepius
1203 1062 1241 1093 cst
1266 1064 1418 1101 iteratum,
1435 1061 1529 1092 donec

295 1104 408 1148 spiritus
431 1107 503 1136 aceti
526 1104 627 1136 eadem
651 1116 706 1147 qua
726 1117 806 1136 antea
827 1106 964 1149 praeditus
985 1106 1115 1136 aciditare
1139 1105 1288 1150 prodierit.
1313 1107 1393 1136 Tum
1408 1103 1530 1136 exsicca-

296 1158 340 1178 tus
363 1148 401 1179 sal
419 1150 515 1180 tartari
531 1150 562 1178 in
585 1148 685 1192 spiritu
705 1152 766 1180 vini
791 1160 863 1190 puro
880 1149 918 1180 est
940 1147 1089 1180 dissolutus
1106 1162 1113 1180 z
1141 1161 1204 1191 quae
1219 1147 1367 1179 dissolutio
1381 1148 1455 1178 fasta
1467 1159 1530 1178 non

296 1190 392 1223 fuisset
404 1214 414 1227 ‚
429 1189 480 1222 nifi
496 1189 533 1221 sal
555 1195 651 1223 tartari
667 1193 731 1224 ante
749 1190 842 1224 fuisset
860 1194 930 1224 aceti
947 1191 1000 1222 sale
1015 1191 1127 1223 volatili
1144 1195 1343 1236 impraegnatus
1357 1203 1365 1227 ·‚
1379 1190 1453 1222 feces
1468 1191 1531 1222 sub-

295 1237 391 1278 nigras
405 1240 435 1268 &
453 1233 528 1265 leves
546 1245 597 1277 per
612 1235 741 1267 chartam
765 1234 894 1267 bibulam
917 1235 1056 1278 separavit
1069 1258 1078 1271 ‚
1094 1234 1190 1278 liquor
1213 1235 1315 1266 rubeus
1331 1237 1461 1278 apparuit
1479 1236 1531 1277 qui

297 1281 358 1308 vini
383 1278 503 1322 speciem
519 1288 575 1320 prae
600 1277 626 1308 se
647 1278 764 1310 ferebar.
793 1280 853 1310 Hic
878 1282 951 1321 ignis
968 1277 1062 1309 calore
1081 1278 1223 1310 extillatus
1247 1281 1350 1309 iterum
1371 1276 1419 1308 sali
1434 1279 1531 1309 tartari

297 1319 420 1357 affusus,
438 1333 499 1352 tum
521 1319 638 1352 secretus
656 1322 728 1358 fuit,
743 1322 828 1365 idque
844 1333 942 1364 quater
962 1326 1114 1365 repetitum
1130 1322 1223 1353 donec
1236 1321 1273 1352 sal
1288 1323 1385 1353 tartari
1399 1320 1528 1351 colorem

296 1375 369 1407 pene
392 1364 492 1396 album
513 1363 662 1397 induerer:
684 1365 826 1408 liquorem
851 1364 1006 1408 quemdam
1021 1365 1168 1396 volatilem
1189 1377 1223 1396 ex
1247 1364 1301 1396 sale
1314 1367 1409 1396 tartari
1429 1362 1531 1395 effice-

295 1418 326 1437 re
349 1419 409 1440 tum
430 1406 603 1439 moliebant.
621 1410 710 1440 Hunc
730 1421 795 1440 cum
810 1408 897 1452 dupla
920 1407 1094 1452 Stampensis
1110 1407 1232 1440 arenula:
1253 1410 1386 1451 portione
1408 1407 1530 1451 permis-

295 1454 371 1487 cuit,
381 1464 417 1483 ne
426 1454 501 1495 ignis
511 1450 661 1482 ardoribus
675 1451 751 1483 fusus
767 1450 934 1486 diffluerem
953 1453 1101 1483 misturam
1115 1463 1227 1483 retorta:
1242 1452 1338 1482 ferreae
1353 1454 1382 1482 δέ
1393 1451 1531 1483 candenti

295 1497 407 1536 partitis
423 1494 535 1526 vicibus
552 1494 687 1538 imposuit
699 1518 708 1531 ‚
726 1495 772 1527 sed
786 1507 937 1539 perparum
958 1494 1129 1538 phlegmatis
1144 1494 1264 1526 exrillari
1285 1494 1365 1525 dedit
1376 1493 1457 1536 quod
1471 1506 1532 1525 are-

295 1548 332 1568 na
354 1537 465 1581 spiritus
486 1549 586 1568 omnes
602 1537 680 1569 velut
702 1542 829 1583 captivos
851 1537 1013 1570 retinuisset.
1036 1541 1166 1570 Materiae
1181 1541 1209 1569 in
1230 1536 1353 1568 Massam
1374 1548 1529 1574 concretae,

296 1592 331 1611 ex
352 1592 407 1623 qua
428 1582 515 1613 salem
530 1592 607 1623 aqua·
623 1580 740 1614 fervida:
761 1581 899 1613 affufione
922 1581 1023 1612 elicere
1046 1581 1138 1613 voluit
1154 1607 1163 1621 ,
1176 1581 1276 1613 decem
1300 1581 1390 1612 ferme
1405 1591 1483 1623 aqua:
1498 1580 1531 1611 li-

297 1623 362 1655 bras
376 1624 533 1669 superfudit
548 1636 611 1667 qua·
637 1623 741 1657 filtrata
762 1638 810 1668 per
825 1626 951 1657 chartam
974 1624 1104 1657 bibulam
1124 1636 1275 1668 perparum
1289 1623 1429 1655 acredinis
1442 1623 1532 1655 habe-

298 1678 329 1698 re
347 1668 413 1699 visa·
426 1669 474 1700 est.
498 1669 583 1699 Hanc
603 1679 634 1698 ut
650 1668 782 1700 inutiltm
802 1668 857 1701 vasi
877 1667 959 1700 fiffili
975 1672 1005 1700 &
1023 1668 1123 1711 amplo
1137 1668 1272 1711 imposuit
1287 1679 1295 1703 ·,
1312 1666 1359 1698 sed
1373 1667 1419 1698 die
1433 1668 1532 1698 crasti-

298 1722 334 1741 na
361 1723 424 1743 eam
444 1713 531 1743 instar
553 1709 645 1742 crassae
660 1712 842 1756 mucilaginis
864 1712 1044 1755 coagulatam
1066 1715 1176 1742 invenit
1194 1723 1202 1745 ·‚
1219 1722 1310 1741 arenae
1335 1709 1469 1754 imposita
1487 1713 1531 1753 ig-

298 1757 344 1785 nis
366 1755 460 1787 calore
485 1757 574 1798 magis
592 1754 706 1785 densata
721 1758 867 1799 apparuit,
887 1767 918 1785 ac
938 1755 1054 1786 tandem
1075 1757 1104 1784 in
1124 1754 1250 1798 lapidem
1273 1756 1430 1786 concrevit.
1450 1755 1532 1785 Hinc

299 1798 470 1839 conjiciebat
492 1798 579 1830 salem
601 1800 695 1828 tartari
722 1802 793 1830 aceti
809 1799 916 1830 volatili
934 1798 988 1829 sale
1003 1798 1156 1829 exaltatum
1174 1809 1240 1828 cum
1254 1797 1350 1828 sabulo
1372 1797 1532 1841 stampensi

299 1842 400 1873 intime
414 1843 601 1884 conjune‘tum
617 1853 631 1871 a
654 1853 695 1872 uae
715 1841 764 1886 iffi
784 1841 883 1885 lapidis
896 1841 1068 1873 soliditatem
1099 1839 1244 1884 praebuissi:
1260 1863 1268 1876 ,
1287 1852 1407 1883 quaeque
1433 1852 1531 1873 namra

298 1885 436 1927 paularim
459 1886 585 1930 praestare
608 1851 677 1915 Γοῗετ
697 1896 729 1915 ex
757 1885 839 1916 succo
865 1883 1011 1927 lapidifico
1026 1908 1035 1920 ,
1059 1884 1088 1915 id
1115 1887 1210 1928 potuit
1230 1895 1273 1923 ars
1304 1896 1408 1927 magna
1428 1883 1534 1916 caloris

300 1931 328 1958 vi
355 1928 474 1961 efficere.
492 1928 613 1971 Lapides
632 1930 710 1958 enim
734 1940 793 1959 non
817 1927 907 1959 subito
925 1950 934 1963 ‚
959 1927 1008 1959 sed
1028 1928 1109 1959 lento
1130 1928 1223 1959 calore
1243 1939 1277 1958 cx
1297 1931 1382 1959 variis
1406 1927 1530 1958 arenulae

300 1975 395 2012 granis
408 1996 417 2008 ‚
434 1983 519 2016 quam
530 1974 672 2002 cernimus
684 1970 820 2003 duritiem
831 1974 990 2014 acquirunt.
1012 1973 1118 2002 Succus
1135 1969 1298 2014 lapidificus
1313 1971 1429 2014 qualem
1448 1974 1476 2001 in
1487 1983 1533 2001 va-

301 2020 349 2046 riis
366 2020 470 2060 cryptis
494 2017 655 2058 experimur
669 2037 678 2049 ‚
703 2014 777 2046 forre
799 2026 857 2045 non
881 2014 959 2045 aliud
975 2015 1114 2057 quiddam
1128 2015 1165 2045 cst
1182 2014 1269 2057 quam
1282 2026 1352 2057 aqua
1376 2015 1462 2045 saxeis
1483 2026 1532 2044 ra-

301 2063 403 2089 mentis
425 2069 572 2102 prmgnans
585 2083 593 2094 ,
611 2069 673 2101 qua:
689 2056 760 2100 ligni
785 2071 831 2089 aur
849 2057 970 2089 aliorum
991 2070 1144 2102 corporum
1156 2057 1229 2090 subit
1248 2069 1366 2089 incarus.
1386 2058 1529 2100 Principia

300 2114 413 2147 quoque
430 2104 590 2145 Chymica‚
607 2100 645 2133 sal
673 2104 815 2146 imprimis
837 2113 886 2135 aut
905 2101 1026 2134 nitrosus
1045 2113 1076 2133 ut
1101 2105 1130 2133 in
1152 2101 1243 2142 calce,
1263 2113 1310 2134 aut
1337 2100 1432 2132 acidus
1448 2112 1478 2133 ut
1499 2104 1529 2132 in
