1638 2345
181 188 185 190 v
221 200 308 229 Arm.

221 250 306 284 1694.

334 163 389 192 3²0
649 149 821 181 REGIAE
859 147 1241 180 SCIENTIARUM

334 194 397 225 satis
416 193 540 238 amplam
554 192 681 225 efficiunt
699 194 856 234 imaginem
871 217 880 232 ,
906 194 936 222 ὃ(
951 190 1044 222 radios
1064 194 1102 221 ira
1117 191 1270 236 disponunt
1286 214 1296 228 ,
1321 204 1350 224 ut
1365 193 1492 238 plerique
1508 195 1554 226 fir:

332 237 440 273 beant,
463 241 493 269 &
515 241 542 267 in
564 240 651 267 retina
671 237 784 265 co'c'ant.

391 282 452 312 XI.
487 279 562 311 Illud
587 289 700 320 quoque
723 277 850 309 solemne
875 278 913 312 est
937 277 1088 319 myopibus
1109 288 1138 308 ut
1157 279 1324 308 minutiores
1349 288 1463 310 exarent
1485 281 1554 310 cha.

332 325 461 355 rasteres.
487 323 565 353 Idem
583 325 660 352 enim
676 323 710 352 iis
729 323 824 353 evenit
841 321 920 366 quod
943 321 1080 364 presbytis
1094 343 1103 356 ‚
1125 320 1194 351 dum
1215 320 1320 351 litteras
1341 320 1470 363 digitales
1487 334 1554 364 pro-

331 371 393 410 pius
413 366 541 396 admotas
556 365 654 407 legunt
677 378 684 396 :
708 368 859 396 continuus
884 367 982 408 capitis
1004 374 1098 395 motus
1121 366 1155 395 iis
1178 362 1310 394 molestus
1325 363 1362 394 cst
1376 386 1385 400 ‚
1413 367 1442 394 &
1467 366 1554 407 ipsam

330 413 432 440 mentis
453 411 639 438 attentionem
659 407 782 439 multum
803 407 943 451 infringit.

375 454 425 482 XI
442 454 464 482 1.
511 450 657 482 Interdum
676 454 772 482 evenit
789 463 819 483 ut
841 450 1030 483 adolescentes
1054 449 1141 492 usque
1161 448 1196 480 ad
1214 449 1382 491 vigesimum
1405 461 1450 481 aut
1480 454 1558 494 vige-

330 494 432 526 fimum
460 496 594 537 quintum
624 506 731 526 annum
758 494 821 525 visu
842 494 985 526 donentur
1006 503 1161 536 temperato
1188 514 1197 527 ‚
1219 503 1280 522 tum
1300 495 1319 523 ii
1341 495 1414 523 inter
1438 505 1557 537 myopes

331 538 488 569 habeantur
510 551 517 569 z
535 541 612 578 cujus
630 542 669 569 rei
684 538 794 569 causam
814 539 853 570 D.
869 537 958 569 Dela
972 538 1044 568 Hire
1058 539 1087 566 in
1102 538 1223 566 vitreum
1243 536 1394 567 humorem
1415 547 1492 567 certa
1512 548 1557 567 ra-

330 585 408 612 tione
426 581 598 626 produt-ium
608 581 705 617 refert,
723 582 803 624 quod
824 580 944 612 mustuli
957 579 1089 624 paularim
1103 577 1246 609 craffiorcs
1261 579 1330 609 fasti
1347 578 1422 609 oculi
1437 578 1558 622 globum

331 623 433 656 fortius
450 636 600 668 premunt,
620 637 651 656 ac
671 625 792 668 proinde
813 627 902 656 retina
926 623 1038 666 longius
1064 622 1078 651 ὰ
1101 620 1261 662 crystallino
1278 634 1478 654 removeatur:
1503 621 1559 653 five

332 668 419 711 adeps
438 672 467 699 in
487 671 521 699 iis
540 668 654 699 uberior
671 671 701 700 in
720 665 800 699 causa
821 667 853 698 fit
872 678 921 698 cur
938 666 972 697 ab
988 677 1108 707 utroque
1123 664 1207 695 latere
1229 665 1327 695 oculus
1347 666 1469 697 moretur
1482 688 1491 700 ‚
1514 665 1559 696 seu

334 711 349 740 ὲ
369 722 466 742 eontra
485 714 640 742 imminuto
665 710 749 754 adipe
776 709 920 741 sclerotica
941 709 956 739 :i
979 708 1111 740 musculis
1140 708 1240 738 fortius
1263 719 1328 738 com
1353 707 1419 738 rcffa
1441 708 1560 751 globum

331 753 435 785 itidem
455 754 532 785 oculi
552 755 656 785 aterius
675 765 793 798 premat.
821 757 878 784 Vix
893 757 970 784 enim
989 764 1092 783 cornea
1107 754 1201 781 tunica
1217 773 1226 786 ,
1247 762 1308 792 quae
1345 763 1393 782 ura
1415 752 1453 782 est
1468 755 1497 782 &
1511 749 1561 782 fir-

334 808 379 828 ma
404 821 412 832 ,
439 809 486 829 aut
503 797 678 838 crystallinus
699 798 802 828 humor
816 823 824 835 ‚
850 799 930 839 eujus
950 807 1048 827 natura
1070 795 1107 825 est
1125 794 1302 836 homogcnea
1318 817 1328 830 ,
1354 793 1562 837 &liquoribus

333 839 460 881 undique
474 842 583 870 cinctus
596 863 605 876 ,
624 842 708 882 hujus
723 838 842 871 effeetus
858 839 938 870 causa
954 838 1006 869 effe
1024 839 1122 882 potest.

383 885 411 912 X
426 885 493 914 111.
530 885 655 926 Myopes
672 894 796 925 quorum
812 881 918 927 pupilla
937 882 975 912 est
997 883 1122 924 apertior
1135 903 1144 916 ‚
1169 879 1217 910 lux
1241 890 1342 923 magna
1363 884 1456 911 minus
1468 879 1564 912 offen·

334 925 376 956 dit
396 937 482 967 quam
506 927 651 967 presbytas
665 949 674 962 ‚
695 937 740 956 aut
763 937 812 956 eos
829 928 877 968 qui
898 923 1025 966 perfesto
1041 924 1102 954 sunt
1124 922 1193 953 visu.
1220 924 1299 954 Nam
1314 923 1413 954 inillis
1436 923 1504 954 radii
1526 923 1563 954 ab

335 968 450 1008 objefto
470 968 631 1000 collustrato
649 968 820 1011 prodeuntes
835 967 1005 1011 ampliorem
1025 970 1054 997 in
1076 970 1164 997 retina
1185 964 1271 997 bafim
1294 965 1422 998 efficiunt
1438 988 1448 1001 ‚
1471 970 1564 998 minus

336 1011 408 1041 adeo
428 1010 535 1042 laedunt
553 1015 674 1043 retinam
698 1022 784 1054 quam
804 1014 834 1042 in
857 1011 998 1055 presbytis
1018 1009 1067 1041 ubi
1082 1011 1186 1040 axffior
1202 1008 1272 1040 bafis
1298 1009 1402 1041 fortius
1423 1008 1510 1040 afficit
1521 1013 1565 1041 vi-

336 1053 384 1084 siis
406 1066 556 1097 organum.
581 1056 660 1087 Cum
690 1055 834 1097 angustior
858 1054 896 1085 est
918 1052 1025 1097 pupilla
1059 1056 1090 1084 in
1113 1064 1240 1096 myope,
1263 1053 1326 1084 ium
1355 1053 1468 1095 objecta
1498 1065 1566 1096 pro-

335 1100 399 1140 pius
418 1100 533 1129 admota
552 1101 675 1129 intuetur
694 1119 703 1132 ‚
737 1102 768 1129 &
792 1100 960 1129 minutiores
977 1095 1054 1128 illius
1071 1107 1163 1139 partes
1187 1096 1250 1126 satis
1270 1097 1400 1128 distinere
1424 1100 1564 1140 percipit,

335 1140 414 1181 quod
436 1140 582 1172 radiorum
604 1139 732 1184 penicilli
748 1164 758 1176 ‚
777 1151 900 1185 quorum
916 1139 987 1171 bafis
1002 1140 1040 1170 est
1054 1138 1161 1183 pupilla
1183 1139 1240 1182 ipsa
1261 1161 1271 1174 ,
1293 1139 1450 1171 admodum
1466 1150 1566 1170 tenues

336 1184 497 1214 distinctam
517 1189 545 1215 in
569 1187 658 1215 retina
674 1184 830 1227 depingant
849 1186 1027 1227 imaginem,
1053 1181 1161 1214 tametfi
1180 1194 1279 1214 omnes
1302 1195 1401 1215 eorum
1424 1186 1515 1227 apices
1536 1186 1566 1214 in

338 1229 459 1258 retinam
476 1228 573 1258 exac‘re
595 1240 654 1258 non
674 1228 787 1259 eadunt.

369 1271 456 1301 XIV.
481 1273 630 1301 Hastenus
640 1270 675 1301 de
688 1270 842 1313 myopibus
856 1292 865 1306 ‚
875 1270 910 1301 de
921 1269 1060 1313 presbytis
1069 1269 1196 1301 breviori
1211 1269 1282 1311 stylo
1299 1269 1462 1301 dicendum.
1486 1270 1567 1301 Nam

337 1324 371 1342 ex
396 1315 430 1343 iis
448 1324 510 1355 quae
529 1313 653 1344 diximus
673 1338 683 1351 ,
706 1316 855 1355 praeripuae
877 1313 957 1343 vistis
980 1315 1010 1342 in
1032 1313 1171 1354 presbyiis
1193 1313 1358 1345 affee'tiones
1385 1313 1466 1343 facile
1482 1312 1567 1343 intel-

337 1355 475 1397 liguntur.
502 1358 544 1386 Ac
561 1359 685 1398 primum
703 1359 724 1387 ii
742 1356 847 1398 quibus
866 1355 974 1398 pupilla
993 1355 1031 1384 est
1049 1355 1191 1397 angustior
1204 1382 1213 1392 ,
1234 1358 1281 1385 vix
1297 1355 1428 1385 distinere
1449 1367 1490 1386 res
1509 1355 1567 1385 ob-

337 1400 425 1439 jccstas
448 1402 607 1441 percipiunt
623 1421 633 1434 ‚
654 1397 704 1430 nifi
724 1401 754 1429 in
772 1409 876 1441 magna
891 1397 952 1429 luce
973 1396 1084 1441 positas.
1112 1399 1191 1428 Nam
1209 1401 1356 1441 pauciores
1372 1398 1441 1428 radii
1454 1400 1567 1429 eminus

337 1441 512 1484 prodeuntes
530 1441 650 1472 subeunt
671 1440 810 1485 pupillam
832 1441 920 1484 quim
941 1451 971 1472 ut
989 1444 1109 1471 retinam
1131 1439 1253 1472 afficiant
1282 1455 1288 1472 ι
1311 1439 1360 1470 nifi
1384 1440 1431 1471 lux
1452 1441 1567 1472 uberior

338 1485 492 1527 angustiam
507 1484 621 1528 pupillae
647 1483 811 1527 compenset
825 1497 832 1515 :
851 1483 898 1516 sed
907 1495 973 1515 cum
984 1483 1032 1515 lux
1051 1482 1108 1527 ipsa
1119 1485 1243 1515 coaeret
1255 1483 1394 1528 pupillam
1405 1509 1414 1523 ,
1425 1485 1503 1527 quod
1516 1484 1569 1515 de-

339 1528 381 1558 dit
401 1527 511 1558 lucrum
523 1553 531 1565 ‚
554 1528 583 1559 id
603 1539 672 1571 pene
691 1538 778 1558 omne
793 1527 926 1559 detrahit.

387 1584 413 1601 2.
459 1571 602 1613 Presbytae
629 1569 733 1615 quibus
751 1572 842 1602 retina
861 1571 899 1601 est
918 1570 1015 1602 sensus
1035 1571 1245 1614 exquifitioriS‚
1267 1581 1309 1600 res
1337 1572 1505 1601 minutiores
1531 1568 1568 1599 ab

339 1613 429 1644 oculis
449 1626 596 1646 removent
621 1637 630 1650 ,
663 1626 694 1645 ut
710 1613 868 1645 distinctius
890 1625 935 1644 eas
960 1619 1088 1646 contueri
1113 1612 1227 1658 possint.
1262 1615 1340 1645 Nam
1365 1614 1435 1644 radii
1458 1616 1569 1643 eminus

340 1656 512 1699 prodeuntes
524 1657 598 1699 quasi
619 1656 746 1700 paralleli
760 1656 880 1688 subeunt
900 1656 978 1689 oculi
998 1657 1138 1702 pupillam
1152 1661 1182 1689 ὅ(
1198 1661 1226 1688 in
1243 1660 1332 1687 retina
1343 1659 1466 1689 coeunt,
1483 1655 1569 1686 dum-

341 1699 429 1730 modo
446 1699 506 1730 lucc
522 1701 607 1743 paulo
626 1699 759 1732 uberiore
780 1699 990 1733 collustrentur.
1015 1701 1070 1732 Sed
1087 1704 1175 1733 :etatis
1196 1698 1340 1744 progressu
1355 1698 1456 1730 oculus
1477 1702 1569 1741 magis

342 1746 371 1772 a&
394 1746 484 1785 magis
504 1743 699 1787 complanatus
715 1755 757 1774 res
778 1742 905 1785 objectas
928 1743 1059 1776 distinere
1078 1747 1181 1775 intueri
1200 1745 1316 1785 nequit,
1339 1741 1389 1773 nifi
1409 1742 1479 1772 radii
1499 1753 1569 1772 ocu-

340 1786 400 1816 lum
425 1787 573 1817 subeuutes
590 1798 787 1830 convergant‚
810 1786 890 1829 quod
909 1789 1005 1829 utique
1021 1799 1078 1818 non
1094 1785 1127 1817 fit
1143 1798 1177 1817 ex
1199 1785 1255 1816 sola
1279 1785 1387 1827 obJ‘effi
1403 1784 1541 1828 positione
1558 1798 1567 1816 τ

341 1841 408 1860 nam
427 1828 444 1859 si
462 1832 578 1872 propius
599 1831 806 1866 admoveatur,
827 1829 899 1861 radii
918 1829 1035 1861 oculum
1054 1829 1201 1861 intrabunt
1219 1828 1420 1871 divergcntcs:
1440 1827 1461 1859 st
1479 1827 1511 1858 fit
1524 1839 1570 1858 re-

342 1876 448 1903 motius
462 1895 471 1908 ‚
496 1872 624 1915 paialleli
647 1873 704 1904 fere
722 1872 927 1916 ingredientur.

390 1918 417 1946 X
430 1919 469 1947 V.
505 1917 573 1946 Hoc
597 1915 745 1946 commodi
767 1916 889 1948 afferunt
905 1919 976 1948 vitra
991 1927 1117 1948 convexa
1132 1920 1161 1948 &
1176 1916 1274 1947 usi-am
1317 1915 1454 1958 erspicilia
1469 1937 1477 1950 ,
1490 1913 1568 1957 quod

342 1970 474 2002 magnam
494 1959 639 1990 radiorum
657 1962 770 2003 copiam
800 1959 936 1991 inducant
958 1962 987 1989 in
1003 1959 1118 1990 oculum
1133 1982 1141 1995 ,
1162 1960 1265 2002 eosque
1291 1929 1327 1990 gc
1347 1958 1513 1992 infindunt,
1537 1967 1568 1987 ut

343 2006 371 2033 in
394 2005 482 2034 retina
506 2001 669 2033 distinam
697 2004 737 2033 rei
759 2002 913 2045 depingant
938 2005 1091 2044 imaginem
1119 2017 1125 2034 ι
1147 2014 1212 2033 nam
1239 2002 1287 2033 ubi
1312 2006 1418 2033 vitrum
1441 2011 1567 2045 penetra-

345 2057 409 2077 runt
424 2069 434 2082 ‚
458 2048 514 2087 jam
531 2049 624 2077 minus
644 2045 762 2088 spatium
783 2045 869 2087 quim
887 2057 968 2077 antea
991 2056 1127 2088 occupant
1149 2058 1157 2081 3
1181 2058 1247 2077 cum
1262 2049 1299 2077 ita
1317 2045 1370 2076 sint
1391 2041 1515 2087 dispofiti
1536 2054 1567 2073 ut

344 2092 374 2119 in
391 2101 482 2120 unum
501 2091 607 2120 co'l'ruri
629 2088 681 2120 fint
697 2090 846 2132 punstum.
871 2089 950 2120 Cum
967 2091 1052 2119 ctiam
1074 2093 1102 2120 in
1124 2089 1263 2132 presby-ris
1282 2091 1386 2120 artstior
1401 2087 1568 2132 plerumque

343 2132 375 2164 fit
398 2132 526 2178 pupilla,
558 2132 628 2166 illud
647 2144 760 2178 quoque
782 2131 903 2177 afferunt
924 2131 1073 2164 commodi
1095 2144 1124 2164 ut
1145 2135 1252 2177 pistura
1273 2144 1331 2164 non
1352 2134 1446 2163 minus
1464 2129 1568 2178 aliu-ian

1449 2183 1568 2204 retinam
