1638 2345
281 139 577 171 ACADEMIAE
611 138 925 171 HISTORIA.
962 140 1040 171 LiB.
1072 142 1096 171 1.
1267 151 1314 182 '103

91 193 157 214 cum
182 183 223 215 D.
246 182 331 214 Blaeu
356 183 391 214 de
411 194 491 213 terrae
504 182 680 214 dimensione
701 183 736 214 ab
754 194 875 226 utroque
889 182 962 214 facta
977 183 1138 215 collocutus
1148 185 1221 216 circa
1232 188 1316 217 unius
1331 184 1433 227 Obstr-

85 227 193 269 gradus
211 230 336 272 proximi
355 236 437 258 terrae
454 225 554 259 circuli
571 228 732 259 mensuram
754 230 793 259 ita
817 230 889 259 inter
911 227 937 258 se
952 225 1114 258 conveniss'e
1134 227 1213 259 laetus
1237 240 1314 260 acce·
1331 239 1421 266 vator,

86 273 155 312 pit,
181 282 211 302 ut
233 270 384 302 discrimen
404 270 476 301 ultra
503 277 543 303 60
569 271 655 315 pedes
682 282 742 302 non
768 282 938 303 excurreret.
963 270 997 301 Id
1020 282 1136 316 quoque
1164 273 1320 303 commode

89 313 211 350 accidit,
236 325 266 344 ut
286 325 353 345 cum
373 314 389 344 ὲ
412 325 498 357 portu
515 313 640 345 solvisset
653 337 662 350 ‚
686 318 715 345 δε
738 326 824 346 vento
845 314 957 346 Boreali
975 326 1090 358 repente
1107 326 1209 345 exorto
1233 327 1321 359 prope

89 367 208 398 parvam
225 357 350 388 Insulam
367 357 413 388 die
427 370 461 397 ¹3·
479 358 596 400 Augusti
615 370 663 401 per
673 357 749 390 diem
764 361 907 401 integrum
917 359 1021 389 harrere
1034 360 1149 389 coaetus
1160 356 1225 389 effer
1241 382 1249 394 ‚
1261 362 1324 391 Te-

89 400 213 442 lescopio
235 400 332 431 Solem
353 412 401 444 per
415 412 512 431 tenues
530 401 682 433 nubeculas
702 400 877 444 fulgentem,
896 405 925 433 ὅ(
950 405 978 432 in
1000 401 1095 432 medio
1115 401 1186 432 disti
1211 406 1323 444 nigram

89 445 232 475 maculam
252 444 440 487 conspexerit.
466 444 524 476 Ubi
544 445 686 476 Hafiiiam
708 448 838 488 pervenit
852 468 861 481 ,
886 445 994 476 litteras
1009 444 1024 474 a
1043 448 1082 476 D.
1105 444 1224 476 Cassino
1246 458 1322 477 acce·

87 489 148 529 pit,
173 487 275 531 quibus
299 491 402 518 certssor
426 487 515 518 faetus
537 488 574 519 est
596 488 715 520 eandem
735 489 876 520 maculam
892 489 907 518 ὲ
926 489 951 519 se
975 488 1063 520 visam
1082 489 1096 518 a
1119 488 1164 520 die
1186 501 1221 520 ii.
1246 489 1322 529 ejus-

87 530 155 561 dem
182 530 282 562 mensis
303 532 419 573 Augusti
434 554 443 566 ,
461 535 542 574 cujus
564 531 646 563 situm
670 535 699 564 in
724 532 799 563 Solis
812 532 909 567 disco,
929 536 957 563 ὃ(
978 532 1159 563 velocitatem
1181 544 1231 575 per
1255 533 1322 576 plu-

87 585 130 604 res
150 574 359 606 observationes
382 586 445 606 cum
461 575 690 610 determinass‘cr,
706 587 764 605 non
779 575 919 607 dubitavit
938 577 1125 607 Astronomos
1152 576 1253 619 scripto
1268 578 1322 607 sta-

88 620 141 648 tim
165 618 242 649 edito
267 618 441 656 admonere,
461 629 490 649 ut
510 618 537 649 se
556 619 583 649 se
607 618 641 649 ad
660 622 720 661 ejus
744 622 852 650 exitum
872 619 977 650 aSolis
1003 619 1081 649 disco
1110 619 1320 652 observandum

87 671 288 704 compararent
305 665 378 692 intra
400 662 444 692 sex
460 685 468 696 ,
485 663 626 705 septemve
638 661 719 697 dier,
738 662 852 704 ejusque
867 662 989 693 redimm
1011 663 1071 705 post
1085 674 1262 705 peiagititum
1278 664 1323 699 al-

85 713 179 735 terum
203 704 278 736 Solis
303 705 534 749 hemisphaerium
557 705 592 735 ad
609 717 619 744 3
646 704 824 748 Septembris
841 719 847 736 :
868 706 946 748 quod
963 717 1079 736 eventus
1098 705 1154 748 ipse
1172 716 1309 751 compto-

85 745 186 780 bavit:
205 760 271 779 narn
283 749 380 780 eadem
409 749 455 779 die
483 751 512 779 in
541 748 687 780 Orientali
714 749 788 780 Solis
810 752 938 791 margine
963 753 1072 793 integra
1096 748 1152 779 visa
1171 750 1218 781 cst.
1254 758 1257 763 '
1307 758 1312 762 ’

113 791 154 823 Ex
165 795 364 835 primisautem
376 791 621 824 observationibus
637 791 789 834 collegerat
805 791 939 824 diurnum
960 804 1075 824 morum
1101 792 1225 824 Maculae
1248 796 1322 825 circa

80 833 161 865 ‘Solis
174 847 255 867 axem
266 836 407 880 graduum
427 848 475 875 13,
492 840 521 867 &
544 847 655 880 tempus
666 836 821 879 peri'odicae
845 836 1025 868 restitutionis
1043 835 1076 866 ad
1096 836 1170 867 Solis
1191 848 1321 868 tentrum

82 889 221 920 apparens
234 879 345 911 dierum
362 891 398 920 ²7
417 892 482 911 cum
500 880 704 912 semiffe.Cum
719 890 813 910 autem
827 881 855 909 in
876 880 966 911 reditu
976 880 1011 911 ad
1022 879 1098 911 Solis
1112 890 1241 910 centium
1259 880 1321 911 talis

78 923 144 952 visa
168 921 200 954 sit
220 923 361 954 revolutio
373 923 464 967 qualis
480 935 513 954 ex
527 923 693 966 precedente
705 925 883 966 apparitione
895 921 983 954 fuerat
997 923 1118 954 deducta
1132 946 1140 958 ,
1161 922 1265 966 placuit
1278 925 1318 954 D.

78 965 210 997 Colbert
229 966 428 998 observatione
444 970 559 1012 propria
583 979 643 998 rem
665 967 752 1010 ipsam
772 969 914 1010 expetiti:
935 966 1014 1012 quod
1037 967 1073 998 ab
1085 978 1120 997 eo
1138 966 1244 998 factum
1261 979 1321 998 nori

83 1007 140 1040 sine
157 1009 302 1053 voluptate
327 1010 391 1041 fuit.
1305 1014 1308 1018 ⁴

123 1054 169 1085 11.
194 1053 253 1084 Sub
271 1053 347 1085 idem
376 1064 486 1096 tempus
511 1052 648 1096 insignem
676 1053 909 1085 observationem
934 1053 1032 1083 habuit
1055 1054 1096 1085 D.
1121 1050 1231 1083 Caffini
1259 1056 1319 1084 cir-

79 1106 112 1126 ca
129 1098 306 1128 Saturnum:
328 1108 394 1127 cum
407 1099 484 1128 enim
507 1108 539 1126 ex
559 1097 763 1138 hypothesibus
791 1099 832 1128 D.
857 1098 978 1139 Hugens
1010 1097 1147 1127 Saturnus
1169 1097 1318 1133 rotundus,

82 1141 112 1169 &
134 1138 192 1170 fine
212 1140 282 1171 ansis
309 1152 441 1183 apparere
463 1139 602 1170 debuiffit
630 1139 646 1169 ὲ
673 1141 768 1172 mense
796 1140 875 1183 Julio
896 1141 932 1170 ad
961 1140 1123 1183 sequentem
1144 1139 1230 1182 usque
1263 1151 1317 1169 an-

78 1192 148 1213 num
164 1205 174 1218 ,
199 1187 256 1225 jam
273 1184 352 1214 ansas
368 1181 525 1227 deposuisse
544 1182 618 1213 visus
645 1184 683 1214 est
701 1187 775 1215 circa
801 1184 889 1214 finem
914 1185 989 1214 Maii
1009 1182 1044 1213 ad
1061 1182 1246 1213 undecimum
1273 1183 1319 1214 us-

74 1236 135 1267 ‘que
158 1226 259 1258 meniis
281 1228 398 1271 Augusti
414 1227 540 1266 ciusdem
560 1229 649 1258 anni:
676 1227 722 1258 sed
747 1228 842 1259 triduo
866 1227 930 1269 post
960 1225 1043 1257 illum
1068 1225 1229 1257 observavit
1252 1237 1319 1257 cum

79 1268 150 1300 anfis
175 1270 323 1310 tenuibus,
340 1270 442 1315 quibus
462 1270 611 1300 ir-strufflms
632 1282 682 1312 per
703 1273 768 1301 anni
787 1271 926 1312 reliquum
950 1269 1139 1312 perseveravit
1154 1293 1161 1304 ,
1179 1282 1209 1300 ut
1232 1272 1259 1299 in
1283 1268 1319 1299 fi-

74 1322 148 1354 gura
169 1316 198 1344 &
226 1313 331 1357 scripto
355 1315 433 1345 edito
452 1325 514 1344 tum
534 1314 751 1346 demonstravit.
779 1316 865 1345 Hanc
893 1315 933 1343 D.
957 1315 1110 1355 Hugenius
1133 1312 1238 1343 censuit
1262 1311 1316 1344 eise

79 1358 318 1407 interruptionem
337 1358 468 1389 rotundae
482 1357 573 1400 phasis
588 1380 596 1391 ‚
622 1368 677 1399 qua
689 1360 749 1398 ejus
770 1356 933 1400 hypothesis
960 1357 1049 1399 poss'et
1071 1356 1196 1386 exactius
1220 1367 1315 1386 conte-

78 1402 128 1434 xi,
147 1412 235 1444 qnam
259 1400 320 1432 fieri
341 1404 464 1444 potuerit
488 1412 551 1431 anre
568 1401 616 1430 has
630 1399 846 1431 observationes
859 1424 867 1436 ‚
883 1400 1036 1431 rotundam
1069 1399 1176 1442 phasim
1202 1398 1311 1430 reditu-

78 1454 137 1476 ram
171 1444 266 1476 mense
293 1446 453 1476 Decembri
486 1447 622 1488 proximo
643 1469 651 1479 ‚
687 1454 718 1474 ac
755 1444 919 1475 duraturam
950 1443 1035 1486 usquc
1063 1442 1099 1472 ad
1131 1442 1311 1473 occultatio-

79 1497 145 1519 nem
168 1489 281 1520 Saturni
316 1500 372 1532 prae
396 1488 471 1519 Solis
505 1488 620 1522 radiis;
647 1489 739 1519 :estate
771 1487 842 1518 νει-ὸ
875 1490 941 1517 anni
976 1486 1149 1527 insequentis
1174 1485 1313 1516 redituras

79 1532 158 1563 ansas
171 1532 268 1563 eadem
292 1531 383 1562 forma
397 1543 482 1575 quam
510 1541 578 1562 tunc
592 1529 768 1574 praefercbat.
797 1532 868 1562 Haec
882 1529 1083 1574 comprobavit
1100 1540 1217 1559 eventus
1233 1542 1239 1559 :
1266 1532 1313 1559 Si-

79 1586 178 1606 1urnus
201 1587 324 1618 namque
351 1579 399 1617 qui
424 1579 458 1606 ad
481 1573 569 1604 finem
592 1573 693 1605 mensis
721 1573 901 1604 Novembris
920 1573 934 1602 a
963 1575 1002 1605 D.
1021 1570 1130 1602 Cassini
1154 1584 1220 1603 cum
1240 1571 1312 1602 ansis

78 1620 116 1650 est
133 1618 298 1650 observatus
315 1642 324 1655 ,
349 1620 395 1650 die
417 1625 459 1651 16.
487 1617 673 1648 Demcmbris
695 1617 790 1648 denuo
806 1616 944 1647 rotundus
965 1618 1105 1659 apparuit.

121 1661 367 1694 Observationum
385 1674 447 1705 qum
462 1663 476 1692 a
490 1663 530 1692 D.
551 1661 650 1692 picard
662 1684 670 1697 ,
687 1662 835 1691 Eustachio
847 1660 1016 1690 Bartholino
1026 1661 1132 1690 eximio
1147 1658 1309 1689 Mathema-

78 1709 134 1736 tico
150 1711 179 1737 &
207 1707 346 1742 Medico,
367 1717 478 1736 necnon
492 1705 506 1734 a
526 1705 567 1735 D.
586 1706 716 1735 Ro'e'iiier
737 1704 818 1735 faita*
840 1703 901 1734 sunt
918 1702 1042 1738 ,ea'fere
1058 1703 1095 1732 est
1106 1702 1224 1732 summa.

113 1751 147 1780 11
161 1753 182 1780 1.
206 1749 336 1780 Primum
360 1749 476 1780 Hafniae
495 1747 577 1779 situm
601 1759 667 1778 cum
682 1747 860 1789 Vraniburgi
873 1746 1010 1790 positione
1023 1745 1189 1788 diligentius
1205 1757 1310 1788 expen-

79 1791 120 1823 dit
144 1793 185 1823 D.
212 1793 322 1830 picard,
349 1793 503 1835 Utriusque
530 1791 688 1823 Meridiini
715 1791 907 1822 differentiam
927 1788 1046 1820 accensis
1069 1789 1183 1832 ignibus
1206 1792 1279 1831 cepit
1299 1811 1309 1823 ‚

79 1835 165 1877 qnam
191 1840 281 1877 potuit
300 1835 511 1867 accuratissime.
540 1837 630 1865 Primi
653 1835 777 1866 satellitis
791 1835 874 1876 Jovis
888 1832 1003 1875 eclipses
1017 1843 1155 1876 quantum
1172 1843 1220 1871 per
1236 1844 1308 1862 teni-

79 1890 131 1921 pus
154 1879 252 1914 licuit,
276 1879 309 1909 ab
332 1892 366 1910 eo
391 1880 451 1911 sunt
466 1880 619 1921 diligenter
635 1878 811 1912 observarae,
836 1888 898 1920 quae
922 1876 1021 1907 iisdrm
1045 1876 1222 1917 temporibus
1243 1881 1307 1904 cuni

79 1921 323 1953 observationibus
341 1924 379 1955 D.
395 1922 502 1953 Ciss'ini
518 1921 629 1953 collata:
651 1922 881 1953 Meridianorum
906 1919 1023 1951 Hafniae
1039 1947 1048 1956 ,
1077 1918 1253 1959 Vraniburgi
1277 1921 1306 1947 Sc

80 1968 199 1996 Lutetia*
218 1965 389 1997 differentias
405 1967 594 2009 ptitbuerunt.

115 2012 176 2040 iv.
202 2011 296 2050 Atque
317 2010 374 2040 hoc
400 2010 548 2040 commodi
570 2009 637 2041 inde
654 2007 780 2039 futurum
800 2007 858 2042 est,
879 2005 959 2039 Quod
979 2003 1082 2037 tabulx
1101 2005 1308 2050 Astr‘onomica:

78 2051 113 2082 ad
137 2053 341 2093 Tychonianas
351 2052 560 2085 observationes
581 2052 730 2083 elaboratae
758 2049 901 2082 parisiensi
928 2049 1095 2080 Meridiano
1117 2050 1203 2091 aptari
1227 2046 1309 2078 iacile

101 2107 212 2127 oteiunt
227 2123 234 2132 ,
266 2108 329 2126 cum
352 2100 521 2128 recentiores
545 2097 710 2128 Astronomi
731 2094 841 2126 tabulis
856 2094 914 2124 suas
929 2093 964 2124 ad
989 2091 1185 2122 Meridianuiu
1203 2093 1309 2121 Vrani-

74 2107 161 2183 'burgi
186 2150 353 2183 pertexant,
370 2140 449 2183 quod
473 2141 674 2183 Tyclioniana:
699 2137 912 2170 observationes
930 2135 1021 2177 long&
1044 2133 1096 2165 lint
1121 2138 1308 2166 accuratiores
