1638 2345
306 91 606 127 'ACADI-:M1AE
632 96 918 130 HISTORIA.
958 99 1115 130 Lis-11.
1259 101 1317 132 221*

82 134 155 167 'ximi
171 135 268 169 circuli
286 139 374 182 gradu
393 151 454 170 cain
473 150 503 170 ut
520 151 570 183 par
590 140 628 171 est
645 141 782 184 consequi
805 155 812 173 ε
839 153 917 174 error
937 144 1042 185 quippe
1061 144 1109 183 qui
1127 143 1156 171 in
1174 151 1239 172 arcu
1261 154 1318 174 tam
1367 141 1433 170 (ἴσθ-

82 182 186 222 exiguo
205 180 382 213 dimetiendo
399 183 488 226 potest
505 185 626 226 irrepere
640 209 648 219 ‚
666 195 697 214 ea
718 188 828 216 ratione
840 186 940 216 crescit
959 196 1020 227 quae
1035 184 1072 214 est
1091 183 1167 214 illius
1189 196 1266 216 arcus
1283 186 1317 217 ad
1330 184 1431 228 grapho

80 232 172 253 toram
194 225 383 268 peripheriam
408 240 414 257 z
438 226 599 257 Ludovicus
619 228 744 268 Magnus
761 227 838 270 justit
851 251 860 264 ,
881 239 911 259 ut
926 228 1001 259 linea
1022 227 1187 258 Meridiana
1202 230 1231 257 iii
1250 230 1315 260 Ob-

80 264 239 298 servatorio
266 269 406 299 delineata
434 281 483 312 per
510 280 600 300 totam
628 270 753 301 Galliam
775 272 809 302 ad
832 271 915 302 Mare
941 270 1186 302 Mediterraneum
1208 282 1244 302 ex
1260 284 1316 303 una

79 318 160 350 parte
173 331 182 344 ‚
200 310 235 341 ad
254 313 406 343 Oceanum
424 312 509 354 usque
528 324 561 342 ex
582 323 660 355 parte
678 312 763 344 altera
785 316 969 357 proferretur.

121 353 212 393 Qod
230 358 325 398 utique
349 367 380 385 ea
402 359 510 386 ratione
535 355 699 387 faciendum
719 358 757 387 cst
781 380 791 392 ‚
821 369 852 388 ut
873 357 968 388 stabile
991 357 1120 399 quaedarn
1143 368 1218 388 notae
1233 380 1242 393 ‚
1270 369 1317 389 aur

80 391 160 436 figna
177 397 328 440 conspicua
349 400 378 427 in
405 401 550 429 montium
581 402 632 439 qui
649 410 802 431 occurrunt
817 404 889 444 jugis
913 404 949 431 ita
964 401 1140 432 collocemur
1154 423 1163 436 ,
1186 412 1216 432 ut
1230 413 1262 431 ex
1284 405 1317 432 iis

78 437 203 469 viciffim
224 440 379 483 conspectis
401 440 468 472 situs
492 445 522 472 &
543 441 696 485 positiones
720 442 852 474 locorum
874 444 1082 474 Astronornicis
1109 443 1320 475 observationi-

77 478 132 510 bus
148 483 375 525 comprobentur
390 507 398 519 ,
422 488 462 515 uti
477 488 534 526 jani
555 496 683 528 coeptum
708 485 798 517 fuerat
822 486 838 516 a
865 488 905 517 D.
921 487 1024 517 Picard
1043 490 1071 516 in
1091 488 1243 517 horizonte
1263 489 1320 518 Pa-

76 522 182 554 rifienfi
197 547 206 560 ‚
225 530 305 557 certis
325 530 354 557 in
374 529 663 569 Monte-Martyrum
689 532 718 559 ὅ(
743 541 817 572 pago
831 531 889 559 Lai
907 529 991 573 [ignis
1009 530 1166 561 constitutis
1179 552 1189 565 ,
1213 529 1263 560 illo
1284 531 1320 562 ad

80 567 292 606 Boream,h0c
315 570 349 600 ad
359 572 513 601 Meridiem
533 570 594 604 sito,
616 574 698 612 Qin
715 576 744 602 ὃς
761 572 891 605 locorum
915 573 1063 604 intervalla
1084 584 1142 603 non
1160 571 1252 603 solum
1270 586 1320 616 per

79 611 222 653 triangula
234 634 244 647 ‚
264 616 305 643 uti
319 612 391 644 olim
407 614 513 645 factum
528 615 581 644 fuit
594 636 604 649 ,
626 614 674 645 [ed
693 618 778 645 etiam
800 628 850 658 per
864 615 993 658 vulgatas
1014 620 1044 647 δε
1058 615 1170 647 usitatas
1183 617 1319 648 metiendi

78 654 138 682 vias
154 665 219 684 cum
236 654 334 686 libella
353 659 520 699 conjunctas
537 658 600 688 sunt
616 656 791 701 exploranda
803 681 811 694 ‚
829 658 888 701 quo
907 658 1082 701 inaequalitas
1102 662 1321 691 intercurrentis

76 693 131 726 soli
148 696 182 727 ad
205 709 311 729 certam
330 701 518 742 :equalitatem
538 700 698 732 reducatur.
730 702 877 733 Postremo
900 701 1064 733 altitudines
1085 699 1205 732 fixarum
1225 704 1321 735 Meri-

74 737 167 771 dianae
185 751 247 783 quae
266 754 324 772 non
344 744 444 785 procul
467 743 482 773 ὲ
501 745 610 775 Zenith
624 744 759 786 cujusque
775 743 831 775 loci
848 745 1002 781 transeunt,
1020 743 1163 775 sumendae
1181 744 1244 776 sunt
1258 758 1320 777 ma-

76 784 141 824 gnis
156 787 186 814 &
201 785 344 828 exquisitis
364 787 557 818 instrumentis
573 810 582 823 ‚
603 799 637 818 eo
655 787 778 818 confilio
792 792 941 830 paratisut
962 788 1066 830 gradus
1084 791 1115 819 δε
1130 790 1240 819 minuta
1258 799 1319 822 tum

76 828 170 867 prima
187 838 246 858 tum
267 829 386 859 secunda
405 829 562 862 Meridiani
586 833 659 861 inter
671 842 701 860 ea
717 831 780 862 loca
794 834 943 875 intercepti
964 831 1121 874 defignent.

126 872 152 899 V
166 872 177 899 I
191 873 214 902 Ι.
248 873 367 903 Initium
386 873 556 916 capiendum
575 872 610 904 ab
629 876 662 904 iis
680 872 751 904 locis
764 886 826 918 quae
846 874 928 905 lineae
951 875 1121 906 Mendiaizae
1134 878 1318 917 circumjecta

77 915 181 953 majori
199 915 351 946 intervallo
372 918 446 946 inter
465 914 490 947 se
503 916 604 947 distant
620 939 629 951 ,
654 928 772 960 qumque
792 921 820 948 in
837 929 968 949 mutuum
989 918 1174 961 conspectum
1189 923 1317 955 veniunt,

72 965 177 986 eorum
200 957 302 999 positio
326 959 363 989 est
386 960 603 995 constituenda,
621 971 652 990 ur
682 971 713 989 ea
732 960 882 1004 seligantur
908 973 970 1004 qua:
991 962 1147 1003 majoribus
1167 962 1317 1005 triangulis

74 995 239 1030 formandis
252 1023 259 1035 ‚
272 1012 391 1043 quaeque
406 1005 571 1033 continuata
582 1002 649 1033 serie
664 1005 736 1033 inter
753 1004 779 1033 se
790 1015 918 1034 connexa
931 1007 1040 1047 aptiora
1055 1004 1149 1035 futura
1175 1005 1238 1037 sint.

120 1042 218 1084 Atque
239 1044 287 1075 hic
305 1041 452 1087 apparatus
468 1045 549 1076 alteri
568 1049 730 1089 operationi
745 1046 887 1090 exquisitae
903 1050 991 1089 tnagis
1005 1047 1083 1089 quasi
1100 1051 1174 1078 viam
1191 1049 1294 1080 sternet
1305 1071 1315 1085 ‚

69 1095 138 1127 quae
154 1096 214 1116 tum
234 1086 407 1130 suscipienda
418 1092 471 1119 erit
488 1089 637 1131 postquam
649 1089 712 1119 loca
728 1089 830 1120 idonea
841 1090 1056 1121 selechifuerinc
1068 1113 1077 1125 ,
1103 1093 1131 1121 in
1146 1091 1248 1134 quibus
1263 1104 1314 1122 an-

68 1128 135 1169 vguli
149 1127 321 1171 positionum
341 1142 388 1173 per
405 1143 506 1174 magna
526 1133 709 1163 instrumenta
729 1136 897 1175 capiantur,
921 1132 982 1164 acsi
1006 1133 1079 1163 forte
1101 1136 1129 1163 in
1149 1133 1265 1176 planitie
1284 1135 1316 1165 li-

75 1180 128 1200 nea
151 1177 181 1204 &
200 1171 286 1215 longa
309 1177 339 1204 &
363 1175 509 1216 aequabi'lis
525 1187 676 1211 occurrat,
699 1176 758 1206 haec
775 1187 826 1219 pro
847 1175 904 1206 basi
922 1176 1058 1208 sumenda
1073 1177 1119 1206 cst.

119 1217 145 1244 V
158 1218 170 1245 1
185 1217 229 1246 11.
262 1219 427 1258 Qaerenda
445 1229 558 1260 quoque
578 1217 642 1249 sunt
661 1218 723 1249 loca
739 1218 856 1250 elatiora
872 1231 934 1260 qux
956 1231 1021 1250 curn
1044 1223 1101 1260 jam
1115 1219 1266 1262 delignatis
1284 1225 1312 1252 in

69 1258 233 1289 ¹meridiana
247 1264 419 1292 conveniant
432 1283 441 1296 ,
464 1265 494 1292 δέ
516 1265 545 1292 in
561 1264 666 1292 rectam
682 1261 785 1292 lineam
804 1264 841 1292 ita
859 1262 1046 1306 disponantur
1059 1285 1066 1297 ‚
1087 1274 1117 1293 ut
1130 1275 1195 1293 cum
1211 1267 1244 1294 iis
1261 1265 1315 1295 alia

70 1298 197 1331 'subinde
217 1306 420 1334 continuentur
433 1327 441 1339 ,
454 1308 485 1335 ὃ(
500 1316 565 1335 curn
579 1308 612 1336 iis
627 1304 696 1334 locis
715 1308 862 1336 mediantur
876 1329 884 1341 ,
906 1318 968 1348 quae
986 1305 1134 1348 triangulis
1153 1304 1313 1339 formandis

74 1342 238 1385 seligentur.
266 1348 342 1387 Qae
360 1346 521 1379 observatio
534 1348 570 1378 ad
583 1346 667 1378 aliam
680 1348 771 1378 adhuc
788 1352 993 1380 accuratiorem
1010 1352 1117 1379 muniet
1132 1352 1206 1379 viam
1217 1375 1225 1384 ,
1246 1362 1311 1382 cum

76 1387 218 1429 triangula
234 1389 291 1431 ipsa
309 1392 412 1419 iterum
426 1394 604 1422 excutientur
616 1414 623 1426 ,
645 1392 730 1433 spatia
750 1394 823 1421 inter
846 1403 928 1422 notas
946 1403 992 1423 aut
1015 1391 1091 1433 signa
1107 1394 1252 1433 interjecta
1265 1406 1312 1425 ac-

74 1433 174 1461 curate
193 1442 275 1462 erunt
293 1431 466 1464 dimetienda
479 1457 488 1469 ,
506 1445 537 1464 ac
553 1433 697 1464 stellarum
712 1434 891 1465 verticaliutn
904 1460 913 1471 ,
932 1446 978 1466 aur
993 1435 1110 1467 aliatum
1122 1457 1130 1470 ,
1148 1446 1210 1476 quae
1224 1439 1311 1479 magis

75 1472 142 1503 huic
161 1476 198 1503 rei
217 1485 288 1516 apta:
308 1475 483 1508 videbuntur
498 1500 507 1513 ,
528 1476 691 1508 altitudines
705 1480 861 1519 capientur.

121 1518 183 1549 IX.
215 1520 290 1558 Qae
312 1519 367 1549 hoc
390 1518 492 1562 scripto
508 1523 692 1551 continentur
710 1521 818 1563 reliqua
833 1522 1006 1556 omittimus,
1017 1532 1051 1551 ne
1070 1520 1213 1564 longiores
1227 1522 1310 1555 limus

75 1570 162 1602 quam
182 1572 231 1603 par
251 1559 284 1592 sit
297 1582 305 1596 ‚
327 1573 447 1605 cumque
460 1563 488 1594 id
511 1566 604 1606 operis
619 1575 720 1606 magna
741 1575 775 1593 cx
795 1575 872 1607 parte
895 1563 1050 1607 susceptum
1074 1564 1181 1599 fuerit,
1201 1568 1230 1596 ἃ·
1246 1579 1310 1610 pto-

74 1613 199 1634 motuni.
226 1603 306 1634 Nam
323 1607 396 1635 circa
415 1606 540 1636 aestivum
566 1606 715 1638 solstitium
729 1629 737 1642 ‚
760 1605 843 1649 (ignis
861 1610 889 1637 in
915 1609 1205 1648 Monte-Martyrum
1232 1614 1262 1640 ἃ
1279 1613 1309 1640 iri

77 1657 150 1688 pago
175 1648 231 1676 Las·
254 1649 281 1676 in
298 1647 396 1678 eadem
418 1648 492 1679 linea
515 1649 676 1680 Meridiana
694 1649 811 1693 positis,
835 1662 867 1680 cx
889 1651 969 1681 ortus
988 1655 1017 1682 δι’
1038 1650 1151 1681 occasus
1165 1651 1239 1682 Solis
1255 1654 1309 1684 ob-

75 1688 282 1720 servationibus
295 1713 304 1725 ,
327 1694 395 1722 item
413 1704 446 1721 tx
467 1693 655 1733 quarumdam
673 1693 817 1724 stellarum
835 1693 983 1724 altitudine
1005 1694 1019 1723 a
1042 1697 1081 1725 D.
1096 1697 1133 1726 D.
1155 1694 1261 1726 Cass'tiii
1278 1700 1309 1726 &

75 1731 111 1761 de
124 1730 150 1760 la
168 1733 238 1762 Hire
250 1745 351 1775 magn-t
362 1745 426 1765 cura
440 1739 469 1766 ἃ
486 1735 582 1767 labore
600 1736 740 1780 perpensis
752 1762 760 1776 ‚
775 1736 884 1767 facilius
904 1737 960 1768 fuit
981 1749 1043 1768 eam
1058 1737 1170 1772 ,lincam
1189 1739 1204 1767 ὲ
1224 1751 1309 1769 mon-

78 1772 152 1803 tibus
172 1776 200 1803 in
216 1787 325 1808 montes
345 1777 508 1819 producere.

120 1819 216 1858 Qare
233 1821 260 1847 in
278 1819 345 1850 duas
363 1833 453 1863 partes
468 1821 549 1852 divisi
572 1821 633 1853 sunt
652 1826 701 1864 qui
722 1822 787 1853 huic
806 1826 885 1866 operi
905 1823 1080 1866 perficiendo
1096 1823 1210 1856 fuerunt
1226 1824 1309 1854 disti-

79 1863 148 1890 mti.
173 1861 213 1890 D.
229 1861 361 1893 Caffinus
390 1876 444 1894 una
465 1876 530 1895 cum
547 1867 588 1896 D.
606 1867 646 1896 D.
670 1865 801 1896 Sedileau
825 1866 986 1898 Academia:
1010 1867 1107 1902 socio,
1133 1867 1308 1902 Chazclles,

78 1906 166 1933 Varin
181 1925 189 1938 ‚
217 1906 362 1945 Dcshayes
385 1910 414 1937 δέ
434 1909 568 1947 Pei‘nim,
591 1910 686 1939 vei-sus
713 1910 845 1939 Austrum
867 1933 874 1945 ‚
901 1912 940 1942 D,
963 1911 998 1940 de
1024 1910 1047 1939 la
1076 1912 1148 1941 Hire
1173 1922 1226 1940 una
1244 1922 1309 1939 cum

76 1947 116 1975 D.
134 1948 168 1977 D.
199 1948 319 1978 Poteiiot
338 1952 367 1978 δε
392 1949 415 1979 le
432 1953 517 1981 Fevre
533 1951 657 1993 ejusdem
675 1952 836 1983 Academia*
859 1953 938 1984 sociis
954 1976 962 1987 ,
987 1952 1081 1984 vetsus
1100 1955 1311 1994 Septentriones

75 1991 129 2020 iter
150 1988 284 2021 fecerunt.
314 1993 351 2020 D.
372 1992 482 2023 Cnffini
500 1993 604 2025 lineam
621 1996 813 2025 Meridianani
826 1996 860 2026 ad
880 1999 908 2027 S.
925 1996 1079 2026 Salvatoris
1101 2008 1126 2024 v.
1143 1999 1173 2025 S.
1190 1998 1315 2024 samem

75 2031 162 2075 usquc
176 2059 183 2071 ‚
207 2034 262 2063 hoc
279 2034 316 2063 cst
328 2034 362 2065 ad
379 2047 498 2072 140000
518 2038 674 2081 liexapedas
693 2042 863 2082 promovit,
883 2040 1022 2081 triangula
1043 2050 1159 2082 quasque
1181 2038 1195 2066 a
1219 2041 1256 2069 D.
1274 2040 1312 2067 D.

78 2075 211 2107 Scdileau
233 2080 262 2108 δέ
286 2077 439 2109 Lliezellcs
463 2080 498 2111 ad
520 2080 659 2112 calculum
680 2093 810 2113 revocata
827 2082 976 2117 exhibuit,
997 2093 1029 2111 ert
1053 2082 1154 2121 quibus
1177 2080 1314 2112 dist-uitiat-

1027 2126 1073 2154 Ec
1102 2128 1133 2164 iii
