1638 2345
335 132 397 159 304
656 122 824 155 REGIAE
860 120 1238 155 SCIENTIARUM

217 157 306 190 Am.
332 164 498 209 colligitur,
519 177 581 211 qua·
604 171 632 199 in
652 165 788 198 testudine
810 168 841 197 &
856 177 942 208 parva
963 175 1059 196 extant
1077 169 1108 197 ὃ(
1130 177 1250 198 numero
1272 179 1419 212 perpauca.
1447 170 1563 202 Pulmo-

224 208 310 244 2693·
332 218 382 238 nes
401 209 517 253 quidem
536 214 566 241 in
587 210 723 242 testudine
738 209 815 240 mole
836 209 882 239 sua
898 212 1015 240 vincunt
1032 208 1184 252 pulmones
1196 221 1361 242 exterorum
1375 214 1560 246 animalium:

331 251 406 283 unde
429 256 460 283 &
487 253 556 284 vasis
575 253 719 284 donantur
740 252 920 296 longioribus
934 275 944 288 ,
967 252 1014 283 sed
1038 257 1182 296 pauciores
1207 264 1300 284 ramos
1316 257 1347 285 &
1370 259 1494 288 minores
1509 257 1564 288 ha-

328 294 397 325 bent
414 296 555 327 anfractus
571 319 579 331 ,
602 296 678 327 unde
694 301 724 328 δε
743 300 838 327 minus
857 298 878 326 ii
896 296 1056 340 ponderant
1080 310 1086 327 :
1109 307 1174 327 cum
1196 307 1230 326 ex
1247 297 1351 340 amplis
1366 300 1494 331 constent
1514 312 1565 331 ve-

328 336 420 369 ficulis
441 351 503 381 quce
525 350 620 371 vacua:
642 339 704 370 sunt
723 362 731 376 ,
753 350 874 383 quaeque
894 343 976 370 venis
1000 342 1030 370 &
1052 343 1159 371 arteriis
1179 351 1249 383 pene
1271 340 1470 379 destituuntur,
1484 343 1566 387 quod

327 384 469 412 minorem
490 382 633 426 sanguinis
646 387 835 426 quantitatem
848 385 999 427 excipiant:
1024 386 1059 414 ln
1074 382 1211 414 testudine
1224 387 1302 416 enim
1315 383 1465 428 pulmones
1477 397 1563 430 quat-

328 435 386 454 tam
402 424 523 468 implent
537 430 665 470 corporis
680 438 788 470 partem
801 450 811 463 ‚
835 429 866 458 in
881 427 999 457 homine
1015 429 1063 457 vix
1080 426 1234 458 decimam·
1447 468 1450 470 v

371 470 434 498 XI.
470 469 545 501 Cum
564 481 632 513 crgo
651 473 681 501 in
696 470 807 503 decima
828 473 956 513 corporis
976 471 1095 501 humani
1111 481 1189 512 parte
1209 469 1294 513 longe
1312 475 1406 514 major
1427 472 1460 504 sit
1479 475 1567 516 copia*

326 508 469 553 sanguinis
483 524 585 557 ,qu-am
600 517 630 544 in
646 525 745 556 quarta
764 513 910 546 testudinis
928 524 1006 556 parte
1018 535 1028 548 ,
1041 512 1186 554 reliquum
1202 513 1323 544 humani
1339 519 1467 558 corporis
1479 515 1566 558 longe

327 557 431 595 majori
456 554 598 599 sanguinis
619 560 776 599 quantitate
797 555 931 600 perfundi
955 555 1061 587 neeesse
1086 556 1125 586 est
1141 578 1149 591 ‚
1171 556 1259 600 quam
1280 557 1427 590 testudinis
1449 568 1567 601 corpus)

327 599 408 636 Qu
430 602 460 629 ὃ(
480 599 566 630 ambo
588 600 741 631 ventriculi
762 600 858 631 cordis
884 602 913 630 in
938 599 1057 630 homine
1081 599 1166 642 longe
1185 599 1340 643 ampliores
1364 600 1448 641 sunt,
1475 601 1568 644 quim

328 651 383 671 tres
402 643 551 674 ventriculi
570 643 714 674 testudinis
730 667 738 679 ‚
754 655 806 674 nec
823 653 934 674 tantum
955 646 1062 674 itineris
1085 641 1202 674 conficit
1227 644 1336 685 sanguis
1355 647 1386 675 in
1403 645 1563 681 testudine,

328 694 412 725 atque
432 688 461 715 in
485 687 614 718 homine.
643 689 676 716 In
699 686 749 717 illa
770 690 847 717 enim
864 697 926 729 pars
944 697 1047 730 magna
1071 686 1215 728 sanguinis
1234 690 1262 717 in
1278 687 1399 719 Aortam
1417 689 1433 720 ὲ
1456 691 1565 719 ventri-

327 728 393 757 culo
411 728 514 760 dextro
529 741 673 761 commeat
685 753 694 766 ‚
718 741 771 760 nec
788 731 943 773 pulmones
953 732 1061 772 trajicit
1088 732 1118 759 &
1144 731 1175 759 in
1195 741 1368 772 unoquoque
1389 734 1510 762 circuitu
1525 730 1566 761 se-

328 770 386 801 mel
407 783 515 804 tantum
541 785 588 817 per
610 784 660 804 cor
679 774 879 805 transmittitur
899 796 908 809 ,
933 784 999 804 cum
1024 775 1053 803 in
1077 773 1197 803 homine
1224 772 1268 804 bis
1293 784 1343 804 cot
1367 775 1539 818 pertranseat
1555 789 1564 806 :

328 824 394 844 nam
416 827 532 860 uterque
557 828 634 848 vena:
656 828 730 847 cavse
753 828 868 848 truncus
886 819 915 847 in
931 815 1120 847 ventriculum
1135 815 1268 848 dextrum
1281 815 1386 848 effiisus
1403 817 1492 861 longo
1514 819 1565 855 iti-¹

329 866 394 887 nere
410 870 458 900 per
475 859 625 902 pulmones
647 862 675 889 in
691 859 829 891 sinistrum
844 859 938 890 cordis
958 859 1048 889 finum
1069 859 1278 892 transmittitur.

379 901 525 932 Postremo
552 914 586 932 ex
612 902 707 934 cordis
733 906 763 934 &
786 907 950 934 arteriarum
979 902 1059 946 pulsu
1084 901 1112 932 id
1140 901 1255 945 liquet,
1281 903 1425 944 sanguinis
1448 915 1565 935 motum

328 942 420 974 multo
443 944 597 975 tardiorem
616 945 669 975 esse
684 949 714 976 in
735 946 883 977 testudine.
908 947 1003 987 Atque
1018 957 1051 975 ex
1072 947 1105 974 iis
1126 945 1264 976 omnibus
1283 945 1426 982 efficitur,
1450 958 1565 978 motum

329 983 472 1028 sanguinis
490 988 658 1019 circularem
680 992 711 1019 in
738 988 875 1020 testudine
901 1000 960 1019 non
979 987 1052 1018 adeo
1073 999 1155 1030 egere
1181 989 1363 1031 respiratione
1378 1011 1386 1023 ‚
1409 989 1489 1032 quod
1513 1001 1565 1021 cor

328 1027 405 1059 illius
427 1030 493 1061 satis
510 1030 638 1063 validum
660 1030 692 1062 fit
708 1054 717 1068 ‚
737 1043 768 1064 ut
789 1032 956 1074 sanguinem
976 1034 1134 1075 parciorem
1155 1031 1281 1063 breviori
1304 1034 1417 1063 tramite
1434 1055 1443 1067 ,
1459 1034 1566 1073 ‚unitis

328 1072 438 1103 viribus
463 1078 494 1105 ὃ(
519 1075 637 1106 tardiori
665 1086 746 1106 motu
772 1075 914 1120 propellat
938 1089 944 1106 :
968 1087 1034 1106 cum
1055 1077 1084 1105 in
1111 1076 1228 1106 homine
1253 1079 1345 1114 major
1372 1074 1403 1105 fit
1426 1075 1567 1118 sanguinis

328 1115 441 1152 moles,
465 1117 580 1161 longius
604 1118 724 1161 spatium
743 1119 986 1162 percurrendum,
1011 1121 1042 1150 &
1060 1117 1190 1149 celeriori
1213 1130 1294 1150 motu
1316 1129 1387 1161 opus
1403 1116 1435 1149 fit
1458 1132 1464 1150 :
1490 1119 1568 1151 unde

328 1169 444 1190 externo
459 1164 530 1192 aeris
547 1161 670 1193 subfidio
684 1165 808 1193 omnino
828 1162 958 1206 indiget,
980 1173 1070 1206 neque
1095 1173 1130 1192 eo
1145 1173 1239 1193 carere
1257 1163 1358 1206 potest.

373 1204 462 1233 XII.
499 1208 566 1251 Qa
591 1216 685 1236 autem
710 1209 820 1237 ratione
841 1209 889 1237 ae'r
911 1205 1053 1249 sanguinis
1079 1207 1230 1237 circuitum
1257 1217 1452 1250 promoveat,
1481 1206 1566 1250 paulo

329 1244 442 1277 uberius
460 1249 582 1290 explicat
605 1251 646 1281 D.
666 1250 750 1290 Mery
764 1250 831 1280 loco
849 1252 936 1281 citato
953 1252 1002 1293 qui
1024 1247 1133 1280 consuli
1150 1249 1250 1292 potest.
1275 1249 1350 1280 lllud
1369 1253 1495 1293 primum
1514 1250 1568 1280 sta-

332 1291 402 1326 tuit,
424 1289 542 1321 dilatato
560 1293 675 1333 Ρεέὶοτε
695 1294 759 1322 aera
779 1303 827 1334 per
847 1303 880 1322 os
908 1295 939 1322 ἃ(
965 1303 1045 1322 nares
1063 1291 1154 1322 subire
1167 1315 1176 1327 ‚
1204 1293 1306 1335 aspera:
1321 1296 1429 1323 artetiae
1449 1304 1566 1329 ramOS,

329 1342 411 1374 atque
431 1333 467 1363 ad
490 1333 624 1364 vesiculas
643 1334 728 1376 usque
752 1334 923 1377 pulmonum
939 1346 1094 1377 penetrare.
1129 1335 1295 1366 constricto
1314 1337 1429 1366 thorace
1456 1347 1566 1378 partem

330 1378 402 1405 aeris
426 1375 611 1418 pulmonibus
632 1376 755 1409 conclusi
779 1381 809 1409 &
830 1375 912 1421 pressi
939 1379 954 1408 ὲ
971 1377 1099 1409 vesiculis
1121 1382 1149 1409 in
1174 1390 1259 1409 venas
1279 1389 1344 1408 cum
1368 1383 1477 1421 impetu
1497 1390 1568 1421 pro-

332 1418 405 1448 trudi
426 1430 527 1461 putat,
549 1421 713 1462 sanguinem
737 1421 752 1450 a
773 1432 852 1463 tergo
876 1421 971 1451 versus
993 1432 1041 1451 cor
1059 1420 1205 1465 impellere
1219 1443 1229 1456 ‚
1253 1432 1368 1453 motum
1392 1422 1468 1453 illius
1486 1433 1566 1452 acce-

332 1460 438 1496 lerare,
465 1467 516 1505 qui
535 1463 643 1506 alioqui
665 1474 790 1506 torperet
814 1468 843 1495 in
863 1464 1056 1508 pulmonibus.
1083 1463 1227 1495 Inclusum
1245 1468 1273 1495 in
1290 1468 1369 1496 venis
1395 1465 1567 1508 pulmonum

331 1507 395 1534 aera
415 1516 480 1536 cum
499 1505 632 1549 sanguine
654 1507 766 1538 misceri
791 1521 798 1539 z
827 1506 964 1549 siquidem
989 1511 1017 1538 in
1042 1507 1163 1550 fingulas
1188 1507 1320 1540 vcficulas
1338 1509 1440 1540 ramuli
1462 1508 1566 1551 aiperae

332 1551 438 1579 arteriae
453 1571 463 1584 ,
488 1553 518 1579 δέ
535 1561 613 1580 venae
628 1549 770 1586 desinunt,
784 1562 815 1581 ac
836 1550 946 1593 sanguis
970 1550 1026 1581 una
1045 1561 1110 1582 cum
1125 1555 1189 1582 aere
1208 1550 1345 1594 exquilite
1362 1553 1458 1583 mistus
1482 1555 1510 1581 in
1529 1551 1568 1582 fia

332 1591 451 1621 nistrum
468 1593 562 1624 cordis
584 1593 675 1624 finum
694 1597 724 1626 δε
748 1597 777 1624 in
801 1597 915 1625 arterias
939 1593 1088 1626 deducitur
1102 1615 1112 1630 ‚
1137 1607 1222 1639 quem
1242 1598 1292 1626 a'c‘r
1313 1595 1450 1626 leviorem
1476 1598 1504 1625 &
1529 1594 1566 1625 ad

333 1644 444 1665 motum
460 1639 549 1678 magis
567 1636 704 1668 idoneum
728 1636 817 1668 efficit
839 1649 848 1673 ς
869 1641 1029 1668 innumeras
1046 1640 1075 1668 in
1096 1639 1230 1680 sanguine
1248 1638 1371 1669 bullulas
1389 1649 1462 1670 creat
1477 1659 1486 1672 ,
1503 1650 1566 1680 quae

332 1675 472 1719 sanguinis
492 1678 600 1710 molem
622 1691 747 1723 augent,
773 1692 822 1711 cor
849 1684 880 1711 &
903 1683 1017 1711 arterias
1034 1679 1069 1711 fic
1090 1681 1214 1717 inflant,
1236 1693 1265 1713 ut
1286 1682 1330 1713 vel
1352 1684 1470 1712 minima
1487 1681 1567 1724 pres-

331 1717 408 1750 sione
428 1720 538 1764 sanguis
558 1735 622 1754 cum
641 1726 749 1766 impetu
766 1735 905 1767 crumpat.
938 1725 1017 1755 Tum
1037 1725 1183 1768 spirituum
1198 1725 1364 1756 animalium
1388 1724 1493 1755 :icc-ila
1516 1736 1567 1756 cor

332 1765 508 1796 contrahitur
522 1789 530 1801 ‚
555 1766 663 1809 sanguis
680 1766 788 1798 sinistro
807 1766 867 1797 finu
889 1771 919 1798 δζ
941 1770 1049 1798 arteriis
1065 1779 1218 1799 contentus
1234 1771 1262 1798 in
1285 1780 1422 1799 extremas
1437 1771 1566 1810 corporis

331 1817 424 1847 partes
451 1810 594 1849 protrusus
618 1822 666 1852 per
689 1822 774 1841 venas
800 1814 828 1841 in
851 1810 982 1842 dextrum
1009 1811 1103 1842 cordis
1124 1811 1212 1842 smum
1231 1823 1353 1842 remeare
1374 1811 1566 1855 compellitur.

333 1850 412 1880 Nam
433 1850 552 1881 valvulae
572 1863 707 1884 venarum
735 1853 771 1884 eo
794 1854 888 1884 versus
910 1853 1051 1896 sanguinis
1078 1866 1189 1885 motum
1209 1854 1359 1886 infit-stunt
1381 1860 1411 1886 δε
1428 1855 1566 1886 determi-

331 1903 411 1923 nant.
437 1896 555 1936 Spiritus
570 1896 706 1926 animalcs
729 1895 871 1937 systolen,
892 1896 937 1927 seu
959 1900 1188 1928 contractionem
1209 1899 1304 1929 cordis
1324 1897 1467 1930 efficiunt:
1499 1909 1564 1928 cum

332 1939 409 1966 enim
431 1935 516 1968 fibras
540 1937 704 1968 distendunt
725 1961 733 1973 ,
758 1931 838 1970 simul
860 1939 1035 1971 ventriculos
1057 1941 1150 1972 cordis
1168 1944 1286 1973 arctant.
1317 1942 1372 1973 Sed
1397 1954 1427 1973 ut
1451 1941 1563 1973 videtur

334 1980 375 2010 D.
391 1981 486 2020 Mcty,
505 1984 554 2011 aet
572 1981 629 2024 ipse
647 1980 785 2012 diastolen
798 1994 927 2025 procreat
940 2006 948 2018 ‚
970 1983 1040 2014 dum
1066 1983 1114 2014 suo
1134 1984 1251 2015 elaterio
1271 1985 1445 2017 ventriculos
1469 1989 1498 2016 ἃ
1517 1995 1564 2013 ar-

332 2026 414 2053 terias
435 2023 591 2059 distendit,
607 2025 698 2055 statim
716 2036 799 2067 atque
820 2025 903 2057 cessat
923 2025 1024 2069 prestio
1046 2027 1082 2057 ab
1099 2028 1313 2059 intumescentia
1336 2027 1472 2060 fibrarum
1486 2037 1559 2058 orta:

332 2077 431 2097 verum
452 2069 525 2097 a‘e'ris
542 2070 719 2099 continenter
740 2069 829 2099 hausti
857 2069 1003 2100 elaterium
1023 2070 1086 2113 plus
1109 2083 1190 2113 atquo
1216 2075 1328 2103 austum
1347 2071 1561 2102 circulationem

332 2108 422 2150 ipsam
437 2110 549 2145 tandem
567 2111 727 2149 inhiberet,
754 2110 805 2156 nisi
826 2111 978 2145 insensibili
1000 2114 1203 2158 perspiratione
1223 2115 1392 2148 distlarttur.
1411 2115 1490 2146 Nam
1506 2113 1563 2155 spi.-

1492 2167 1562 2188 ntus
