1638 2345
173 178 262 208 Auu.

176 225 263 258 1696.

306 132 345 162 86
600 123 775 158 REGIAE
811 118 1203 158 SC1ENT1ARUM.

286 141 298 170 3
329 171 402 213 Qo
424 170 453 202 id
475 169 612 214 praestaret
633 192 643 205 ‚
661 172 700 199 ita
724 164 858 210 proceffit
876 167 920 197 D.
937 163 1093 207 Homberg
1116 177 1123 195 ε
1151 162 1268 207 spiritus
1290 162 1362 194 acidi
1384 164 1400 195 ὲ
1416 175 1523 208 quercu

286 215 374 247 eliciti
394 214 499 246 libram
515 214 572 244 unii
594 224 660 243 cum
675 210 786 242 duabus
801 221 819 240 u
860 212 876 217 ’“
915 212 981 241 vitri
997 209 1152 240 antimonii
1173 210 1202 238 in
1229 205 1376 250 pulverem
1398 211 1524 239 commi-

286 263 349 290 nuti
367 257 458 303 posuit
476 269 525 302 per
545 259 558 286 8
579 256 639 286 dies
656 257 686 286 in
701 253 859 297 digestione
879 265 888 289 3
915 251 1026 296 spiritus
1043 250 1163 283 rubeum
1180 249 1310 281 colorem
1323 251 1415 283 induit
1428 275 1438 288 ,
1461 263 1524 283 tum

288 302 303 332 ὲ
321 306 395 334 vitro
416 301 471 333 fuit
498 300 639 343 separatus
660 309 669 334 ·‚
696 300 805 329 vitrum
822 295 991 328 exsiccatum
1015 299 1119 326 iterum
1142 293 1216 326 fudit
1237 316 1245 330 ,
1276 294 1426 337 postquam
1449 297 1478 326 id
1495 298 1525 326 in

287 345 435 389 pulverem
461 343 569 386 redegit
582 368 591 381 ‚
612 352 723 374 novum
746 339 849 372 affudit
870 339 1001 384 spiritum
1027 340 1198 382 quercinum
1211 360 1221 374 ,
1243 349 1300 368 una
1316 337 1524 381 digerendum,

288 389 375 432 idque
392 390 544 431 repetitum
562 387 601 416 est
618 388 770 430 quinquies
783 410 792 421 ,
818 383 889 416 dum
902 383 1014 427 spiritus
1032 384 1182 426 quercinus
1199 381 1312 413 nullum
1325 380 1453 412 colorem
1470 393 1528 413 am—

288 432 363 476 plius
377 431 533 462 exhiberet.
561 432 681 461 Vitrum
695 428 789 459 adhuc
809 426 903 458 fusum
924 429 955 458 δι
971 430 1040 458 vino
1056 424 1185 458 infusum
1200 427 1228 456 vi
1241 427 1325 456 omni
1339 427 1457 455 emetica
1470 436 1528 457 erat

287 476 452 506 destitutum
472 485 480 509 ·‚
506 473 616 516 spiritus
629 472 674 503 illi
687 483 787 502 omnes
803 472 887 502 tinzsti
899 469 1038 502 rubedine
1050 480 1169 500 omnem
1188 467 1351 500 acidiza-em
1365 467 1528 511 posuerant,

310 522 398 550 riores
414 529 483 548 vero
500 516 598 548 dulces
612 527 691 547 erant
714 519 744 546 Β(
764 514 979 557 adstringentes.

338 566 377 594 V.
415 560 491 592 Illud
518 559 676 591 admodum
701 559 740 589 est
760 557 914 590 verisimile
936 554 1106 588 rubedinem
1133 554 1212 586 illam
1233 567 1265 586 ex
1285 567 1362 599 parte
1384 557 1531 599 pinguiori

292 604 433 648 sulphuris
455 602 672 635 inflammabilis
690 600 824 646 prodiill'e
846 613 854 637 3
883 599 984 631 salsum
1009 599 1137 642 saporem
1163 599 1177 629 ὲ
1204 599 1322 630 lixiviali
1348 598 1401 629 sale
1419 602 1448 629 &
1470 596 1531 629 fixo

292 648 376 690 hujus
398 647 539 692 sulphuris
558 648 650 682 oriri,
670 648 720 688 qui
743 656 809 675 cum
824 644 908 675 acido
927 643 981 675 sale
1004 643 1120 686 spiritus
1141 645 1270 690 quercini
1291 643 1387 673 mistus
1412 644 1532 673 tertium

291 702 380 733 genus
402 690 465 722 salis
482 689 598 726 effecit,
619 702 650 721 ut
670 689 734 720 fieti
756 688 824 719 solet
838 711 846 723 ‚
873 698 939 718 cum
962 687 1036 718 acidi
1056 686 1125 716 sales
1148 688 1210 716 rixis
1236 690 1265 717 ἃ
1291 683 1464 716 lixivialibus
1479 685 1534 716 ad-

293 735 447 765 miscentur
469 746 477 769 3
501 732 625 764 dulcedo
641 744 734 764 autem
748 730 798 762 illa
812 731 988 774 adstringens
1003 741 1062 760 non
1084 728 1162 761 aliud
1184 730 1321 771 quiddam
1346 728 1458 759 uidetur
1480 728 1533 759 esse

293 777 380 819 quoin
399 777 504 808 solutio
522 780 609 821 partis
630 775 778 809 metallicae
798 777 950 805 antimonii
971 774 986 803 ὲ
1011 773 1108 817 spiritu
1127 773 1208 804 acido
1236 771 1364 817 profedh
1381 783 1387 802 ε
1406 770 1484 815 quod
1505 774 1535 803 in

295 820 358 852 aliis
371 822 466 852 videre
480 821 518 851 est
537 819 658 850 metallis
672 842 682 854 ‚
703 830 764 862 quae
780 819 825 848 hic
843 817 953 862 spiritus
969 817 1058 861 potest
1078 815 1235 847 exsolvere.

340 866 508 895 Antimonii
536 865 686 893 communi
718 866 794 892 vitro
823 863 923 892 vinum
966 857 1091 890 infusum
1122 862 1183 890 vim
1212 862 1333 900 acquirit
1366 862 1536 895 emeticam,

297 907 377 949 quod
397 910 498 938 vinum
520 906 594 938 stibii
613 905 730 948 sulphur
745 903 954 935 inflammabilc
968 915 1001 933 cx
1021 914 1097 946 parte
1112 902 1239 934 dirutum
1253 901 1400 938 effindat,
1423 906 1451 933 &
1469 902 1537 933 alias

297 953 358 992 ejus
383 949 474 980 solvat
495 948 672 983 moleculas,
697 959 759 990 quat
781 947 877 978 solutae
892 950 1036 978 vomitum
1060 957 1155 977 creant
1172 968 1180 981 ,
1202 957 1232 976 ut
1248 946 1381 976 diximus.
1410 945 1466 976 scd
1488 945 1538 976 ubi

299 1004 391 1036 partes
413 991 489 1023 illius
513 992 655 1035 sulphuris
679 991 828 1021 avolarunt
857 990 873 1020 ὲ
902 993 1000 1025 virro,
1023 1000 1083 1020 tum
1106 992 1205 1019 vinum
1224 990 1265 1018 liis
1284 988 1446 1019 dessiiutum
1469 987 1538 1019 alias

299 1036 374 1067 stibii
392 1047 482 1080 partes
499 1047 560 1066 non
578 1035 654 1066 valet
673 1032 843 1069 dissolvere,
856 1044 939 1076 atque
962 1036 989 1064 in
1013 1034 1152 1075 postrema
1169 1032 1324 1075 digestione
1346 1035 1446 1063 vinum
1460 1031 1538 1063 idem

300 1091 395 1110 manet
416 1078 494 1122 quod
514 1089 595 1110 antea
613 1080 695 1109 ornni
711 1080 740 1109 vi
758 1080 880 1108 emetica
897 1077 1072 1108 destitutum.

705 1210 736 1246 C
764 1211 798 1246 A
824 1209 848 1244 P
871 1211 910 1248 U
934 1210 968 1244 T
1025 1210 1134 1247 VII.

655 1304 706 1332 De
739 1296 894 1332 Batanicti¹
925 1294 964 1333 ό
985 1296 1189 1332 Anatomicir.

306 1387 329 1418 I.
362 1384 414 1460 P
433 1386 596 1416 Roximuru
618 1384 657 1414 est
677 1395 708 1414 ut
733 1382 769 1413 de
790 1393 818 1412 rc
840 1380 970 1411 herbaria
993 1392 1127 1424 perpauca
1147 1379 1275 1410 dicamus
1295 1391 1302 1410 τ
1330 1378 1439 1421 plantas
1460 1390 1542 1409 com-

433 1428 526 1472 plures
546 1430 588 1459 D.
605 1428 645 1459 D.
670 1426 825 1457 Matdnnt
838 1450 846 1462 ,
875 1428 903 1454 δέ
923 1424 1102 1455 Tournefort
1118 1446 1126 1459 ,
1154 1434 1219 1453 cum
1235 1434 1331 1453 earum
1346 1423 1545 1466 descriptioni-

306 1471 359 1503 bus
381 1483 412 1504 ut
440 1474 522 1502 annis
552 1471 741 1514 superioribus
771 1468 951 1512 protulerunt
983 1479 991 1501 ⁴,
1020 1479 1138 1511 quirum
1160 1465 1297 1506 analysun
1324 1467 1366 1496 D.
1387 1464 1545 1497 Bourdelin

308 1516 437 1547 exhibuit
461 1528 468 1551 3
490 1526 521 1545 ac
539 1515 657 1546 tandem
672 1526 766 1544 earum
782 1514 926 1544 historiam
944 1522 1021 1541 certo
1040 1511 1140 1541 ordine
1161 1509 1295 1552 digestam
1308 1531 1317 1543 ‚
1339 1514 1368 1541 &
1387 1512 1465 1540 varia
1481 1520 1547 1540 em-

307 1559 419 1590 ditione
435 1570 467 1588 ac
484 1561 580 1589 critim
601 1557 769 1588 illustratam
791 1560 819 1587 in
842 1566 1017 1598 unoquoque
1036 1553 1184 1597 congressu
1213 1553 1280 1595 legit
1306 1555 1346 1584 D.
1366 1553 1490 1583 Dodart.
1515 1554 1547 1583 Si

309 1604 426 1644 quando
451 1603 578 1644 stirpium
601 1600 666 1631 usus
690 1601 790 1631 idonea
813 1602 962 1630 autoritate
985 1600 1110 1628 munitus
1138 1600 1285 1631 occurrit,
1309 1598 1332 1627 is
1350 1596 1472 1627 mininie
1493 1596 1547 1627 fuit

311 1644 518 1689 praercrmillus.
544 1647 585 1676 Eo
602 1647 705 1688 quippe
723 1644 846 1688 schtare
871 1652 975 1672 naturae
999 1640 1082 1672 debet
1100 1639 1242 1685 inquifiiio
1257 1662 1267 1675 ,
1291 1651 1322 1671 ut
1337 1640 1372 1671 ad
1391 1641 1547 1671 hominum

311 1688 464 1720 utilitatem
489 1687 635 1719 referatur.

364 1732 504 1775 Exemplo
535 1731 565 1762 lit
595 1734 693 1774 opium
719 1729 808 1773 ipsum
843 1729 856 1759 ὲ
884 1739 1020 1771 papavere
1042 1726 1199 1771 expressum
1217 1750 1225 1763 ,
1257 1726 1292 1757 dc
1314 1730 1395 1769 cujus
1415 1725 1465 1757 usu
1490 1737 1548 1758 tam

313 1778 398 1805 varim
416 1779 444 1806 &
462 1775 633 1818 multiplices
652 1773 765 1803 fiisxunt
789 1772 972 1803 Medicorum
994 1770 1135 1802 sententis
1155 1793 1163 1806 ‚
1189 1782 1246 1801 non
1268 1769 1358 1800 solum
1381 1769 1420 1800 ob
1439 1773 1547 1805 fetatis,

316 1817 397 1849 sexus
412 1841 420 1853 ‚
443 1820 657 1860 temperamenti
675 1819 838 1846 viiie-[attin
855 1837 862 1850 ‚
884 1815 927 1844 scd
950 1817 1036 1844 etiam
1057 1825 1172 1857 propter
1194 1813 1362 1843 morborum
1384 1813 1475 1844 causas
1491 1824 1550 1844 tam

317 1860 507 1905 multiplices,
526 1872 554 1890 ut
572 1863 618 1890 vix
635 1871 743 1889 cerzum
768 1859 838 1901 quid
858 1862 887 1889 &
913 1857 1089 1901 exploratum
1110 1857 1239 1888 constitui
1266 1860 1389 1898 potuerit
1402 1879 1411 1892 ,
1436 1855 1481 1886 sed
1501 1859 1551 1886 in-

318 1907 401 1935 certis
427 1906 597 1944 conjecturis
622 1902 732 1933 subnixi
755 1902 800 1932 vel
827 1899 1040 1944 piaestaniillinii
1068 1901 1176 1931 Medici
1201 1903 1259 1941 ejus
1276 1900 1369 1931 usuut
1391 1898 1550 1943 periculoso

319 1948 529 1979 interdixerint.
555 1946 635 1988 Qd
655 1957 723 1975 vcro
738 1945 772 1975 de
795 1947 876 1986 hujus
897 1945 969 1974 succi
992 1956 1087 1975 initura
1107 1948 1136 1975 δε
1157 1942 1206 1973 usu
1231 1943 1406 1974 sentiendum
1423 1940 1489 1974 esset
1508 1944 1548 1973 D.

322 1993 433 2022 Chiras
458 2002 515 2021 non
539 2002 572 2020 ex
592 1989 712 2020 aliorum
728 1991 894 2020 testimoniis
910 2010 916 2021 ,
942 1987 986 2017 sed
1001 2000 1034 2018 ex
1049 1987 1136 2030 stiplo
1155 1991 1184 2017 ἃ
1211 1991 1330 2031 propriis
1347 1989 1550 2029 experimentis

321 2035 433 2065 edoceri
450 2034 562 2065 voluit:
577 2045 642 2063 cum
662 2032 727 2062 esset
748 2031 819 2062 benc
836 2033 987 2062 constitum
1008 2036 1036 2062 ἃ
1066 2032 1131 2061 sano
1147 2041 1268 2072 corpore
1283 2029 1368 2072 usque
1380 2030 1442 2060 ads
1459 2033 1489 2061 ὅ(
1513 2039 1546 2058 12

320 2089 406 2120 grana
419 2081 478 2121 opii
493 2077 599 2108 sumere
614 2075 693 2115 ausus
706 2076 753 2108 est.
776 2077 842 2116 Qa
858 2075 891 2104 de
904 2086 931 2104 rc
946 2077 972 2103 in
987 2077 1031 2104 lna
1045 2076 1260 2119 pharnncopaea
1273 2074 1400 2115 pluribus
1412 2072 1547 2103 differuit.

367 2124 413 2154 11.
459 2123 503 2153 Ac
522 2119 684 2165 nuperrime
706 2131 772 2150 cum
786 2119 921 2150 diuturno
943 2117 1048 2149 morbo
1065 2121 1160 2163 paucis
1183 2128 1247 2148 ante
1267 2116 1381 2149 obitum
1402 2117 1482 2146 annis
1507 2114 1550 2146 la·
