1638 2345
208 181 296 210 Amr.

212 227 305 263 1674.

321 140 374 169 130
653 131 821 164 REGtAE
870 129 1258 165 SCIENTIARUM

320 175 463 206 trustione
486 172 605 208 formati
625 175 739 220 possunt
761 197 770 212 ‚
789 185 821 206 ut
837 177 933 206 evenit
951 177 981 205 in
1000 174 1088 213 liene,
1106 179 1156 219 qui
1179 186 1274 206 tamen
1292 185 1326 207 ex
1340 173 1483 219 glandulis
1493 187 1552 208 non

320 221 523 262 compingitur.

367 263 480 302 Larynx
501 272 532 292 ut
550 264 579 291 in
601 260 707 294 Ansere
731 284 740 297 ,
770 260 872 305 asperae
891 265 999 294 arteriae
1020 259 1119 293 annuli
1140 264 1243 306 integri
1267 266 1298 294 δε
1319 261 1377 294 fere
1392 261 1461 294 ossei
1478 266 1553 295 miro

319 303 443 336 artificio
463 303 615 348 dispositi,
642 307 786 348 utrimque
810 305 846 337 sic
869 305 948 337 incisi
963 329 973 342 ,
996 317 1027 337 ut
1048 316 1119 335 unus
1145 304 1266 337 alterum
1284 317 1318 336 ex
1336 317 1413 348 parte
1435 317 1552 350 regerer.

319 347 386 378 Nec
405 351 498 379 minus
520 346 659 379 mirabilis
676 349 714 379 est
733 351 820 380 totius
837 352 945 380 arteriae
961 349 1063 392 asperae
1081 346 1271 380 conformatio
1289 362 1296 380 ε
1314 350 1461 392 postquam
1475 353 1554 381 enim

319 392 396 421 resta
425 390 570 422 descendit
598 389 754 422 secundum
784 391 853 422 colli
879 391 1092 435 longitudinem
1108 417 1116 428 ,
1143 392 1300 423 extrorsum
1321 390 1451 423 deflestit
1471 415 1482 428 ‚
1503 403 1554 424 nec

319 436 418 476 pectus
434 457 443 470 ,
469 433 516 465 sed
540 435 689 465 cavitattm
713 438 741 465 in
762 434 845 466 sterni
869 434 927 466 offe
952 447 1077 479 paratam
1104 435 1178 466 subit
1193 458 1202 470 ‚
1231 447 1290 466 tum
1319 435 1427 466 sursum
1451 435 1555 467 reflexa

320 477 415 508 versus
432 489 494 507 eam
510 488 618 520 partem
639 488 695 520 qua
713 476 832 521 ingressa
852 478 889 508 est
904 501 913 514 ,
932 481 961 508 in
984 480 1079 523 pectus
1099 477 1252 510 descendit.
1280 477 1390 509 Annuli
1411 482 1439 509 in
1452 490 1486 510 eo
1499 483 1555 510 cir-

320 524 398 550 cuitu
421 524 457 551 ita
477 520 537 550 sunt
558 523 705 562 conjuncti
719 532 749 552 ut
768 524 881 552 moveri
900 533 959 552 non
977 520 1093 565 poliint.
1120 523 1200 553 Nam
1214 523 1308 553 sterno
1323 521 1460 554 conclusis
1480 522 1554 554 nihil

321 575 403 594 motu
423 575 494 606 opus
516 564 564 595 cst.

719 697 751 732 C
788 698 822 734 A
856 698 880 735 P
910 701 948 738 U
986 699 1021 735 T
1087 700 1171 737 VI.

369 789 418 819 De
438 782 673 820 Struthionibus
698 783 737 824 όν
760 790 833 820 Ave
853 784 989 834 quadam
1009 784 1121 820 Indica
1143 783 1328 836 struthionis
1346 785 1511 836 consimili.

322 872 346 902 Ι.
428 871 603 902 Truthiones
630 871 698 900 osto
732 869 848 902 diversis
876 869 1055 914 temporibus
1082 869 1191 902 disscffi
1231 871 1319 903 multa
1355 871 1555 904 observatione

371 875 414 947 S
428 914 514 956 digna
534 913 715 957 praebuerunt
739 936 747 949 ,
782 914 827 945 seu
844 918 966 946 exterior
987 915 1069 956 hujus
1088 918 1147 945 avis
1175 913 1267 946 forma
1282 942 1290 955 ‚
1315 915 1360 945 scu
1385 918 1555 948 interiorum

322 960 446 1000 partium
464 958 599 988 struc'tura
616 956 795 1000 spectaretur.
820 959 899 989 Nam
916 969 947 988 ut
965 958 1019 988 alia
1040 961 1209 989 omittamus
1228 969 1291 1001 quae
1307 958 1368 989 satis
1383 969 1454 990 nota
1473 958 1556 996 sunt,

320 1000 484 1044 oblongum
507 999 615 1031 collum
636 1000 714 1042 quod
732 1000 867 1043 gracilius
891 1001 1003 1032 videtur
1018 1023 1027 1036 ‚
1050 1004 1117 1043 quia
1137 1000 1242 1044 plumis
1259 1002 1437 1037 destituitur,
1458 1005 1500 1033 uti
1522 1007 1554 1034 &

321 1055 403 1086 caput
425 1066 435 1080 ‚
455 1043 555 1074 oculos
570 1044 703 1073 humanis
724 1054 783 1073 non
797 1043 939 1074 absimiles
955 1043 1047 1075 ovalis
1066 1043 1163 1086 figurae
1176 1067 1186 1080 ,
1205 1044 1367 1088 palpebram
1382 1044 1555 1088 superiorem

322 1086 416 1129 longis
442 1086 514 1117 ciliis
536 1090 677 1118 munitam
698 1108 708 1122 ‚
738 1097 800 1130 quae
822 1086 928 1119 sursum
952 1091 983 1118 &
1005 1086 1137 1118 deorsum
1157 1099 1290 1119 movetur
1310 1110 1320 1124 ,
1346 1091 1455 1119 tertiam
1477 1089 1556 1121 oculi

322 1130 489 1172 palpebram
506 1130 551 1160 seu
566 1141 679 1160 tenuem
698 1129 926 1161 membranulam
948 1133 976 1160 in
995 1133 1097 1169 majori
1118 1131 1194 1161 oculi
1208 1130 1314 1174 angulo
1328 1130 1421 1162 versus
1435 1133 1554 1163 rostrum

322 1173 468 1204 conditam
488 1186 494 1204 ε
520 1175 630 1215 Lingua
652 1183 710 1204 erat
728 1169 801 1216 pene
818 1184 849 1204 ut
868 1177 895 1204 in
908 1173 1029 1216 piscibus
1048 1173 1141 1216 palato
1161 1173 1333 1216 agglutinata
1351 1185 1358 1208 ·‚
1380 1186 1427 1217 pes
1440 1177 1469 1205 in
1483 1175 1555 1206 duos

322 1215 432 1258 digitos
452 1215 544 1247 scissus
567 1227 597 1246 ut
617 1219 646 1246 in
668 1215 778 1247 camelo
800 1228 810 1252 3
831 1219 951 1247 interior
971 1220 1001 1248 &
1027 1220 1118 1259 major
1141 1218 1242 1260 ped-:m
1256 1217 1383 1249 hominis
1399 1217 1554 1249 calceatum

324 1259 474 1290 refert-bar.
496 1258 585 1292 Unde
600 1258 615 1288 ὲ
641 1258 788 1289 nonnullis
809 1258 1091 1290 struthio-camelus
1108 1259 1264 1303 appellatur
1286 1271 1294 1295 ·‚
1316 1263 1386 1302 quin
1410 1263 1497 1291 etiam
1524 1263 1554 1292 in

322 1313 399 1345 parte
415 1303 497 1333 sterni
515 1300 614 1333 infima
626 1301 729 1332 callosa
741 1313 803 1343 pars
818 1302 960 1333 eminebat
973 1325 982 1338 ,
997 1305 1024 1332 in
1037 1314 1122 1345 quam
1140 1302 1241 1333 cameli
1256 1303 1340 1333 instar
1353 1303 1504 1335 recumbit.

367 1347 417 1378 11.
454 1347 511 1376 His
540 1348 657 1388 inquam
677 1344 786 1375 omiffis
811 1344 973 1388 plumarum
999 1345 1102 1388 specics
1126 1348 1292 1376 accuratiori
1315 1350 1447 1377 examine
1469 1347 1556 1389 digna

323 1387 460 1419 omnibus
479 1387 538 1419 visa
558 1389 605 1419 est.
636 1388 750 1419 Harum
769 1390 868 1419 eadem
891 1400 949 1419 erat
969 1400 1030 1420 toro
1045 1400 1165 1431 corpore
1184 1389 1319 1419 structum
1336 1411 1345 1424 ,
1366 1400 1428 1432 qua:
1451 1394 1556 1433 partim

323 1431 451 1463 candidae
464 1454 473 1467 ‚
495 1434 600 1475 partim
621 1435 707 1475 nigrae
727 1442 824 1470 erant,
840 1430 957 1463 alternis
978 1432 1036 1462 fere
1053 1430 1204 1463 ordinibus
1226 1431 1364 1463 distianae
1387 1446 1393 1463 :
1419 1435 1446 1463 in
1464 1444 1556 1464 exrre-

322 1477 377 1505 mis
397 1475 492 1506 caudae
521 1478 549 1506 &
576 1474 684 1506 alatum
711 1477 844 1506 maximae
873 1475 1060 1506 cernebantur
1083 1497 1092 1510 ‚
1117 1478 1148 1506 ὅ(
1176 1473 1342 1518 plerumque
1367 1474 1449 1508 albae.
1491 1479 1554 1507 Mi-

323 1527 407 1549 nores
429 1530 463 1549 ex
490 1517 562 1548 albis
592 1517 737 1562 nigrisque
765 1519 914 1561 permiistae
938 1518 1055 1549 dorsum
1081 1521 1111 1549 &
1146 1529 1276 1549 ventrem
1302 1519 1476 1550 muniebant.
1521 1519 1556 1551 ld

322 1571 393 1592 vero
413 1565 442 1593 in
461 1562 630 1593 struthione
644 1561 681 1592 est
703 1561 843 1605 peculiare
856 1583 865 1596 ‚
886 1561 964 1604 quod
985 1562 1056 1605 pent}
1077 1572 1177 1591 omnes
1194 1560 1257 1592 sunt
1279 1561 1454 1595 uniusmodi.
1476 1563 1557 1594 Nam

323 1606 354 1634 in
373 1604 436 1635 aliis
457 1603 555 1635 avibus
567 1603 629 1635 alia:
647 1604 709 1636 sunt
722 1604 827 1636 molles
842 1605 925 1635 instar
943 1603 1085 1647 lanuginis
1101 1630 1110 1643 ,
1130 1603 1191 1634 aliae
1212 1603 1290 1635 dura·
1307 1608 1336 1636 δέ
1359 1603 1447 1637 firmae
1469 1620 1475 1637 :
1500 1605 1555 1637 illae

323 1646 455 1677 adversus
482 1658 560 1689 aquae
587 1650 618 1678 &
639 1650 712 1678 a'c'ris
735 1650 852 1687 injurias
878 1647 940 1678 sunt
962 1647 977 1677 ὰ
997 1659 1094 1679 natura
1115 1647 1250 1677 concessae
1272 1670 1280 1683 ‚
1305 1649 1347 1677 ha:
1371 1647 1405 1678 ad
1427 1648 1556 1681 volatum

323 1700 504 1733 comparatae.
519 1690 601 1733 Saepc
620 1693 650 1721 in
668 1691 760 1721 radice
785 1690 848 1722 sunt
869 1690 1035 1726 molliores,
1050 1690 1145 1721 versus
1165 1701 1289 1720 extrema
1316 1689 1405 1721 firma:
1423 1694 1451 1722 &
1471 1692 1554 1734 squa-

323 1733 409 1764 mosae
431 1736 467 1763 ita
489 1736 562 1764 inter
577 1733 602 1764 se
621 1732 762 1778 disposita:
775 1756 783 1769 ‚
805 1745 836 1765 ut
855 1733 984 1764 duriores
1001 1745 1062 1776 qua·
1083 1733 1146 1764 sunt
1167 1735 1195 1763 in
1219 1737 1350 1764 extremis
1369 1744 1466 1776 tegant
1487 1734 1557 1766 alia-

324 1785 386 1806 rum
408 1775 571 1819 lanuginem
585 1799 594 1812 ,
618 1789 651 1808 ex
671 1788 725 1820 qua
746 1776 824 1808 velut
844 1776 1044 1821 pellicularum
1067 1787 1175 1808 textura
1195 1776 1326 1818 quaedam
1351 1776 1451 1808 villosa
1474 1778 1557 1821 pellis

324 1829 352 1849 v.
378 1820 495 1848 Fourure
517 1818 647 1850 efficitur.

380 1863 452 1893 111.
476 1864 508 1892 In
532 1863 701 1893 struthione
720 1862 824 1905 plumae
842 1875 941 1895 omnes
965 1862 1027 1894 sunt
1048 1862 1152 1894 molles
1177 1866 1206 1894 &
1225 1873 1326 1894 tenerae
1341 1866 1369 1893 in
1390 1874 1486 1895 tenues
1501 1864 1557 1896 vil-

326 1903 369 1935 los
388 1904 512 1935 didustae
536 1919 542 1936 z
571 1905 641 1936 adco
660 1917 690 1936 ut
712 1909 743 1936 δέ
765 1906 873 1938 volatui
893 1906 946 1938 sint
969 1906 1083 1950 prorsus
1104 1905 1239 1941 inutiles,
1263 1917 1353 1950 neque
1375 1906 1410 1938 ab
1435 1911 1558 1939 externis

326 1951 437 1989 injuriis
458 1947 520 1979 satis
541 1960 589 1980 cos
607 1959 748 1979 tueantur.
784 1949 861 1980 Illud
883 1961 997 1992 quoque
1019 1953 1047 1980 in
1069 1949 1225 1989 majoribus
1248 1948 1357 1980 alarum
1377 1954 1478 1993 pennis
1499 1951 1558 1982 ob-

325 1992 464 2023 servatum
479 2013 488 2027 ,
509 1991 588 2035 quod
607 1991 730 2022 calamus
754 2004 802 2035 per
824 1993 952 2024 medium
973 2004 1069 2023 earum
1093 1992 1284 2035 producatur,
1310 2004 1374 2023 cum
1391 1996 1419 2023 in
1437 1992 1555 2025 aliarum

324 2038 419 2065 avium
439 2038 538 2077 pennis
560 2034 694 2077 plumulae
723 2034 850 2066 laterales
876 2047 939 2078 qua:
955 2035 1048 2066 barbae
1076 2038 1258 2074 vocitantur,
1281 2035 1425 2079 longiores
1446 2035 1498 2068 sint
1521 2049 1556 2068 ex

324 2089 378 2108 una
394 2089 472 2120 parte
490 2077 614 2109 caudicis
631 2089 678 2110 aut
698 2082 812 2115 trunci,
834 2078 980 2109 breviores
1001 2089 1035 2108 ex
1055 2077 1150 2110 altera.

372 2122 480 2152 Avium
503 2124 580 2152 enim
601 2133 702 2165 pennae
715 2132 748 2152 ex
759 2121 868 2166 duplici
887 2122 1014 2153 constant
1031 2133 1108 2165 parte
1122 2145 1132 2159 ‚
1154 2134 1187 2154 cx
1205 2122 1319 2154 caudice
1333 2124 1469 2154 nimitum
1484 2145 1493 2159 ,
1507 2126 1556 2166 qui
