1638 2345
290 84 583 119 ACADEMIAE
618 82 918 116 HISTORIA.
953 82 1145 117 Lrn.1v.

112 132 159 159 tur
179 138 275 164 aorta,
297 140 361 173 qua:
385 143 435 174 pet
462 131 643 173 interjezstum
668 127 797 160 canalem
819 130 849 158 in
870 138 1002 159 truncum
1022 126 1188 161 inferiorem
1213 98 1339 174 ejusd3e5n7i
1354 134 1435 162 Ana,

113 182 201 202 aottae
222 174 381 214 trajicitur3
411 185 463 205 nec
488 185 547 204 non
575 184 606 204 ea
621 182 699 217 parte
719 173 861 215 sanguinis
878 173 908 201 in
924 173 1004 203 venis
1016 170 1188 215 pulmonum
1201 177 1341 213 contenti,
1354 178 1454 207 tomica.

113 217 162 257 qui
181 214 217 246 ab
238 216 362 248 auricula
383 217 479 249 cordis
497 216 604 249 finistta
616 227 665 259 per
685 214 769 246 ovale
794 214 925 246 foramen
944 216 974 245 in
997 215 1189 247 ventriculum
1208 216 1342 250 dextrum

114 258 208 289 cordis
231 269 359 296 remeat,
384 271 476 303 neque
496 263 527 292 in
552 259 691 292 sinistrum
705 258 800 290 cordis
824 256 1016 289 ventriculum
1044 257 1197 290 delabitur.

151 302 215 333 IV.
237 304 328 344 Qod
351 304 468 347 quidem
488 315 522 335 ex
543 303 674 335 vasorum
693 303 829 333 structura
850 300 886 332 fic
906 301 1099 333 demonstrat:
1115 301 1286 345 pulmonum
1297 315 1344 335 ar-

113 346 185 375 teria
200 348 229 376 in
249 345 323 377 foetu
344 358 398 378 tres
415 350 444 377 in
468 359 562 378 ramos
584 357 655 390 pene
678 344 797 388 aequales
825 343 984 376 dividitur:
1002 348 1113 389 primus
1133 349 1182 389 qui
1209 349 1239 377 δε
1258 358 1345 378 cana-

114 386 150 418 lis
163 393 433 421 communicationis
443 391 535 422 dic'tus
557 391 595 421 est
608 415 616 428 ,
628 393 657 420 in
675 400 787 420 aortam
801 387 1019 420 descendentem
1034 387 1156 425 definit,
1178 388 1346 433 reliquiduo

115 432 147 461 in
167 431 318 474 pulmones
340 434 527 465 contendunt.
547 432 746 475 Qamobtem
771 431 915 474 sanguinis
935 429 1041 468 massa,
1065 443 1126 474 quae
1155 431 1170 462 ὲ
1187 433 1347 465 ventriculo

115 474 211 505 cordis
235 475 336 507 dextro
361 477 525 520 egreditur,
547 481 577 508 &
601 478 735 507 arteriam
751 474 921 519 pulmonum
947 474 1043 511 subit,
1066 478 1095 506 in
1116 487 1170 506 tres
1191 487 1284 520 partes
1306 476 1347 508 di-

115 516 279 558 stribuitur,
318 531 417 551 uarum
438 532 493 551 una
514 531 564 564 per
585 519 715 550 canalem
741 518 911 561 praedietum
932 516 1026 549 effluit
1047 521 1076 549 in
1101 530 1210 550 aortam
1229 519 1349 551 descen-

116 559 233 593 dentem
248 585 258 598 ‚
280 532 394 605 rsslliquae
416 564 478 594 duae
505 574 553 606 per
578 561 728 606 pulmones
755 563 878 604 trajecta:
899 564 930 592 in
955 560 1091 592 finistram
1113 562 1209 593 cordis
1235 565 1350 594 auricu-

117 601 194 639 lam,
220 608 251 636 δε
271 608 300 636 in
321 618 430 637 :tortam
448 605 648 640 contendunt3
672 604 718 635 sed
739 615 825 636 aortae
845 615 978 639 truncus,
1000 615 1064 636 cum
1083 604 1176 636 adhuc
1199 604 1230 636 sit
1252 606 1347 637 multo

116 649 228 686 minor,
251 648 336 690 quam
364 650 422 680 duo
440 651 511 680 rami
535 648 617 680 simul
641 649 731 689 junCti
750 651 857 679 arteriae
879 647 1076 691 pulmonatis,
1094 647 1188 691 palam
1202 650 1239 679 est
1254 660 1349 680 totum

118 689 285 732 sanguinem
300 713 308 726 ,
330 695 379 735 qui
398 693 550 735 pulmones
571 690 732 735 pertransiit
751 713 760 726 ‚
781 702 859 722 aorta
883 694 976 734 excipi
995 703 1052 721 non
1071 690 1159 734 posse.
1182 692 1274 732 Qod
1300 695 1350 735 igi-

118 743 164 763 tur
190 733 312 777 superest
339 746 373 766 ex
394 735 520 767 auricula
541 735 647 766 sinistra
668 733 763 766 cordis
778 746 826 778 per
848 733 978 765 foramen
998 735 1082 765 ovale
1101 737 1130 765 in
1159 734 1351 767 ventriculum

118 776 214 807 cordis
236 777 355 809 dexrum
380 790 483 811 remeet
510 777 617 809 necesse
637 778 698 813 est,
720 789 772 808 nee
797 777 870 809 subit
888 777 1028 808 sinistrum
1050 778 1241 809 ventriculum
1264 801 1274 813 ,
1301 790 1352 808 ne-

117 829 173 862 que
197 819 268 850 adeo
293 820 404 864 sanguis
424 833 504 853 venae
524 831 600 852 cavae
626 832 676 863 per
695 821 824 851 foramen
847 820 930 851 ovale
945 832 1045 851 venam
1071 820 1242 863 pulmonum
1264 820 1351 856 subit,

117 865 160 893 uri
179 863 268 906 vulgo
283 865 424 896 creditum
444 865 500 896 est:
522 863 569 895 sed
584 875 645 907 pars
671 863 812 906 sanguinis
834 862 849 893 ὲ
868 865 949 894 venis
964 862 1134 906 pulmonum
1153 864 1207 894 hoc
1222 863 1353 894 foramen

119 916 267 948 penetrat,
289 918 319 938 ur
337 911 365 938 in
382 908 514 939 dextrum
531 908 628 938 cordis
645 904 736 937 finum
755 905 919 936 contendat.
938 906 1195 947 Qemadmodum
1211 906 1246 937 de
1267 907 1353 938 testu-

118 948 186 979 dine
202 948 312 980 dictum
332 949 403 990 fuit,
425 954 455 981 in
477 961 534 993 qua
558 949 668 992 sanguis
685 961 733 992 per
748 959 835 979 venas
854 948 1026 991 pulmonum
1051 952 1080 979 in
1106 949 1244 980 sinistrum
1258 951 1354 981 cordis

120 990 212 1023 {inum
228 992 338 1024 rediens
352 1005 411 1025 non
430 993 514 1025 aliam
531 996 604 1024 inire
625 995 703 1023 viam
721 992 834 1036 potest,
847 1002 878 1022 ut
895 991 930 1023 ad
946 991 1078 1023 dextrum
1096 992 1287 1024 ventriculum
1303 1004 1355 1037 ap.

123 1034 222 1078 pellat.

165 1083 203 1111 V.
229 1081 268 1110 Ex
295 1080 400 1118 quibus
428 1080 498 1113 illud
527 1079 638 1124 colligit
659 1084 703 1112 vit
739 1078 921 1122 peririffimus
947 1079 982 1111 ad
1009 1078 1138 1110 foramen
1162 1077 1246 1110 ovale
1265 1078 1356 1110 foetfis

123 1121 233 1153 nullam
252 1120 358 1166 apponi
382 1124 527 1155 valvulam
541 1147 550 1159 ,
575 1127 604 1155 in
624 1135 710 1166 quam
734 1125 842 1166 sanguis
859 1135 908 1167 per
932 1134 1064 1154 truncum
1088 1133 1167 1153 venae
1187 1121 1358 1166 pulmonum

121 1169 303 1197 continenter
325 1167 417 1198 fluens
441 1167 549 1199 dirce&
569 1170 745 1203 incurreret}
759 1178 877 1209 eamque
895 1165 990 1209 potitis
1004 1164 1166 1196 occludetet
1181 1165 1268 1207 quam
1292 1178 1360 1208 ape-

123 1210 214 1240 riret:
239 1221 304 1240 nam
325 1212 402 1241 recto
432 1213 531 1241 itinere
550 1213 581 1241 &
605 1207 681 1251 quasi
708 1210 743 1240 ad
769 1208 1005 1253 perpendiculum
1027 1211 1056 1238 in
1081 1207 1230 1239 valvulam
1254 1212 1360 1252 impin-

123 1261 194 1292 gens
209 1256 319 1294 majore
341 1254 403 1285 nisu
424 1253 560 1284 foramini
580 1252 657 1283 ovali
682 1264 743 1283 eam
757 1252 932 1295 applicaret,
955 1251 1042 1294 quarn
1061 1250 1170 1293 sanguis
1190 1251 1205 1280 ὲ
1223 1263 1295 1281 vena
1311 1263 1358 1282 ca-

123 1305 159 1324 va
180 1307 214 1325 ex
234 1295 354 1339 obliquo
372 1295 517 1327 valvulam
540 1296 727 1338 perstringens
742 1306 840 1326 contra
860 1306 923 1325 eam
945 1304 1053 1336 partem
1071 1293 1164 1324 obniti
1177 1293 1289 1336 pollet3
1312 1307 1360 1325 ne-

124 1349 180 1380 que
202 1338 272 1369 adeo
300 1351 348 1380 per
368 1339 451 1369 ovale
480 1338 610 1370 foramen
632 1337 771 1380 sanguise.
796 1348 866 1368 vena
890 1347 960 1367 cava
981 1339 1011 1366 in
1031 1347 1165 1367 truncum
1192 1347 1270 1368 venae
1293 1337 1358 1380 pul-

126 1391 246 1411 monum
269 1385 416 1422 trajicitur.

172 1427 195 1453 V
212 1426 237 1454 Ι.
260 1424 347 1467 ldquc
375 1437 408 1455 ex
429 1425 562 1456 struefmra
582 1424 733 1456 foraminis
752 1422 842 1454 ovalis
861 1421 1050 1454 confirmatur
1073 1445 1082 1458 ‚
1108 1420 1217 1453 nullam
1239 1434 1272 1452 eo
1292 1423 1355 1454 loco

128 1465 181 1497 elle
196 1466 339 1499 valvulam
353 1482 359 1499 z
374 1479 439 1499 cum
454 1469 524 1499 illud
547 1471 620 1499 inter
632 1468 703 1499 duos
718 1467 785 1498 semi
799 1466 921 1498 circulos
947 1465 978 1497 fit
999 1465 1119 1508 positum
1135 1469 1164 1496 &
1189 1465 1224 1495 ab
1247 1468 1279 1496 iis
1293 1465 1351 1496 for-

127 1521 258 1546 matum,
283 1523 405 1554 quorum
431 1523 503 1542 unus
518 1513 647 1542 interiori
671 1510 750 1541 lateri
774 1509 906 1540 auricula·
918 1510 1042 1543 dexrrae,
1065 1512 1094 1539 &
1110 1508 1222 1539 finistrae
1249 1511 1355 1539 auricu⁴

128 1552 163 1583 1ae
188 1554 330 1596 applicato
347 1555 451 1585 incisus
475 1556 512 1586 est
529 1580 536 1591 ‚
553 1554 622 1585 alter
638 1553 708 1585 vero
731 1554 768 1584 est
791 1565 875 1596 parva
898 1552 981 1584 limbi
1014 1555 1109 1594 portio
1131 1555 1191 1591 ejus
1213 1562 1274 1594 quae
1296 1552 1358 1582 vul-

128 1607 166 1638 go
190 1597 294 1628 dicitur
318 1598 454 1633 valvula,
481 1597 615 1640 quodque
640 1596 781 1638 reliquum
796 1597 833 1626 cst
860 1599 919 1636 ejus
942 1595 1062 1626 valvulcc
1077 1594 1224 1629 ambitus,
1251 1606 1360 1638 partem

128 1639 242 1671 sinistrae
262 1640 395 1672 auriculae
417 1640 522 1672 efficit:
545 1652 577 1671 ex
598 1652 654 1683 quo
673 1639 746 1671 illud
773 1637 952 1669 manifestum
975 1639 1013 1668 est
1035 1638 1070 1668 ab
1093 1649 1123 1667 ea
1140 1636 1254 1667 valvula
1283 1638 1361 1667 fora-

130 1693 197 1714 men
216 1682 299 1714 ovale
321 1684 434 1715 occludi
460 1696 519 1715 non
544 1683 619 1727 posse
633 1706 642 1719 ‚
663 1682 731 1713 cum
746 1681 762 1711 ὲ
784 1682 832 1713 suo
848 1682 914 1713 loco
935 1681 1077 1713 dimoveri
1101 1691 1240 1724 nequeat,
1255 1691 1306 1711 nec
1320 1679 1363 1719 ξος

131 1729 235 1758 remini
256 1726 437 1757 occludendo
456 1728 604 1770 applicari.

174 1773 201 1801 V
216 1772 265 1800 11.
294 1772 361 1802 Hoc
377 1773 463 1801 etiam
478 1771 537 1814 ipsa
559 1768 711 1800 confirmat
726 1772 896 1813 experientia
913 1783 920 1800 :
945 1780 1009 1800 nam
1034 1780 1105 1811 aqua
1124 1778 1173 1811 per
1196 1778 1306 1799 aortam
1319 1778 1365 1798 aut

132 1824 182 1856 per
201 1824 285 1844 venas
307 1814 452 1855 pulmonis
477 1815 583 1855 injecta
618 1812 695 1844 ultro
719 1813 754 1843 ab
779 1812 900 1844 auricula
923 1811 1027 1843 sinistra
1052 1824 1101 1855 pet
1124 1811 1253 1842 foramen
1281 1810 1365 1841 ovale

133 1860 164 1887 in
188 1855 318 1886 dextrum
342 1857 435 1888 cordis
457 1855 648 1888 ventriculum
662 1855 814 1886 delabitur.
839 1855 986 1886 Postremo
1000 1855 1020 1887 si
1040 1858 1105 1885 ae're
1122 1866 1171 1897 pet
1190 1865 1299 1884 aortam
1321 1855 1367 1882 in-

134 1898 222 1929 dusto
239 1910 287 1929 cor
304 1898 395 1942 ipsum
409 1899 549 1942 quantum
560 1898 731 1941 fieripotest,
746 1899 920 1930 distendatur
933 1922 942 1935 ,
954 1911 1036 1941 atque
1055 1901 1084 1928 in
1099 1909 1132 1927 eo
1143 1898 1210 1926 statu
1228 1895 1365 1939 paulatim

132 1941 266 1972 exliccari
285 1940 367 1977 sinas,
378 1953 484 1974 tumeo
497 1941 615 1975 dissecto
627 1943 757 1973 foramen
768 1942 850 1973 ovale
865 1953 960 1985 patens
973 1941 1128 1984 apparebit,
1143 1943 1172 1969 δε
1185 1951 1214 1969 ea
1232 1951 1293 1980 quat:
1305 1938 1367 1970 vul-

134 1996 173 2028 go
186 1984 303 2015 habetur
320 1985 444 2022 valvula,
457 1986 584 2028 ejusdem
599 1984 711 2029 prorsus
726 1986 933 2028 miignitudiuis
947 1996 978 2014 ac
996 1983 1077 2014 nullo
1090 1982 1179 2013 modo
1202 1985 1364 2012 imminutm⁴

186 2031 211 2057 V
227 2030 263 2057 11
280 2030 302 2058 l.
327 2030 383 2059 His
404 2029 551 2073 explicatis
569 2033 631 2073 quis
656 2027 687 2059 fic
712 2029 775 2058 ul'us
796 2040 856 2059 tum
873 2027 965 2058 ovalis
987 2029 1154 2059 foraminis,
1175 2036 1233 2055 tum
1254 2025 1369 2062 canalis,

135 2082 194 2115 quo
214 2071 305 2102 ambae
327 2076 434 2104 artetiae
447 2095 457 2108 ‚
471 2074 645 2115 pulmonum
668 2084 770 2117 ntmpe
789 2076 817 2104 S:
838 2082 914 2103 :torta
928 2074 1000 2102 lutet
1014 2069 1040 2101 se
1061 2071 1286 2104 communicant,
1306 2079 1370 2100 ma-

1123 2114 1176 2154 Yy
1198 2114 1227 2153 iij
