1638 2345
190 175 280 205 Asu.

194 228 282 258 1095.

307 130 367 168 346
618 122 793 155 REGIAE
843 118 1234 155 SCIENTIARUM

697 255 729 290 C
756 255 790 292 A
817 254 841 290 P
865 257 904 293 U
930 255 964 290 T
1021 254 1112 293 III.

777 348 828 379 De
848 342 971 393 Spiritu
992 341 1090 379 acido,

305 436 328 465 1.
433 434 487 465 Uae
507 430 542 462 dc
565 431 691 474 stirpium
711 428 832 472 analysi‚
854 428 890 459 de
909 428 1041 460 oleorum
1063 440 1162 460 natura
1184 434 1216 462 ὅ(
1239 431 1350 472 origine
1370 429 1447 462 dieta
1466 430 1540 470 sunt,

436 475 470 507 ad
490 475 649 516 Chytnicos
668 473 780 505 labores
801 472 894 504 videri
915 471 1028 515 possunt
1050 472 1147 516 aliquo
1169 473 1258 504 modo
1281 477 1419 511 pertincte
1439 489 1446 506 ι
1474 486 1542 505 nam

308 519 392 550 latius
409 530 484 563 patet
508 520 567 549 haec
591 519 704 549 scientia
719 543 728 557 ‚
755 521 786 549 δ(
809 520 839 547 in
860 527 962 547 ornnes
988 528 1059 559 pene
1084 528 1175 560 partes
1204 514 1328 557 Physica·
1346 516 1372 546 sc
1390 517 1539 548 diffundit.

307 565 473 606 Utcumque
494 574 525 592 ea
543 573 587 592 res
603 561 636 593 fit
651 584 660 597 ‚
678 573 740 604 qua:
758 572 827 591 mox
847 559 952 591 disturi
968 558 1064 590 sumus
1076 582 1086 595 ‚
1104 560 1231 600 Chymia
1258 559 1374 603 proprie
1395 560 1471 591 dicta
1487 559 1538 591 fibi

308 606 439 637 vendicat
455 622 463 645 3
478 616 561 649 atquc
580 617 615 636 eo
631 617 733 648 genere
746 603 895 636 censentur
907 626 916 639 ‚
929 615 991 647 quae
1009 605 1050 634 D.
1068 603 1224 647 Hombcrg
1243 614 1318 634 circa
1340 603 1452 647 spiritus
1467 615 1544 634 mnx-

308 660 404 680 torum
431 660 585 692 corporum
605 649 701 680 acidos
730 649 798 680 fecit
820 650 1019 691 experimenta.
1049 649 1095 677 De
1117 659 1217 679 eorum
1238 652 1379 678 natura&
1405 647 1545 690 origine&

309 693 412 737 scripto
437 695 565 723 recitavit
585 691 814 723 dissertationem
829 717 838 730 ‚
865 695 944 733 cujus
961 692 1016 721 hoc
1029 691 1066 721 est
1080 690 1157 721 velut
1180 689 1378 722 summarium.

365 740 410 767 11.
438 737 567 766 Primum
591 735 665 767 illud
686 736 799 771 statuit,
822 735 933 778 spiritus
956 734 1052 765 acidos
1078 736 1109 765 in
1128 732 1270 765 fossilibus
1296 736 1326 765 δε
1353 733 1456 777 plantis
1485 746 1545 766 non

306 779 385 811 aliud
403 779 542 822 quiddam
567 779 621 809 esle
646 790 747 822 practer
765 778 834 809 sales
855 777 986 809 volatiles
1007 779 1037 808 in
1060 777 1180 820 liquoris
1194 780 1277 822 aquei
1297 788 1376 820 parte
1389 777 1543 810 exsolutos:

309 834 402 865 neque
419 823 490 853 adeo
516 823 569 852 hos
589 821 702 866 spiritus
720 825 750 852 in
769 822 942 865 peculiarem
962 820 1038 852 velut
1051 820 1165 852 clasl'em
1186 820 1222 852 ab
1237 820 1298 851 aliis
1316 823 1398 851 mixti
1413 824 1544 864 corporis

308 869 458 908 principiis
472 866 635 896 distinctam
652 865 749 896 reduci
766 876 900 907 oportere
913 887 922 900 ‚
936 867 976 895 uti
995 864 1011 894 a
1027 864 1168 908 plerisque
1186 863 1362 897 Auctoribus
1379 865 1486 894 satstum
1496 865 1546 896 est.

310 910 398 939 Hanc
420 909 588 939 sententiam
614 920 648 938 ex
667 920 702 938 eo
724 908 878 939 confirmat
891 931 901 944 ,
915 907 993 950 quod
1009 919 1109 938 omncs
1123 910 1151 938 hi
1164 907 1275 950 spiritus
1296 907 1353 937 una
1372 917 1437 938 cum
1453 907 1546 949 liquo-

310 963 340 982 re
358 950 464 995 aquoso
484 963 533 994 per
553 951 768 982 distillationem
796 962 916 986 exeant,
932 962 1016 993 atque
1039 950 1089 981 ubi
1114 950 1149 981 ab
1174 962 1208 981 eo
1224 949 1250 982 se
1264 950 1290 980 se
1315 951 1487 993 expediunt,
1507 951 1546 981 sa-

309 995 383 1026 lium
402 1005 602 1026 concretorum
617 1016 625 1030 ‚
643 1005 689 1025 aut
708 995 906 1035 crystallorum
927 992 1020 1025 forma
1044 993 1070 1024 se
1085 994 1228 1036 prodant,
1249 1005 1312 1039 quae
1326 997 1424 1037 prunis
1438 993 1544 1025 arden-

310 1037 386 1069 tibus
407 1036 540 1081 imposita
559 1040 589 1069 in
605 1037 719 1068 firmum
737 1037 864 1074 abeunt,
885 1036 971 1068 nullis
993 1036 1100 1068 reliffls
1122 1035 1239 1069 fecibus.

354 1094 383 1114 2.
403 1083 482 1113 Cum
503 1080 571 1112 sales
589 1085 716 1112 concreti
737 1084 883 1124 permagni
898 1080 966 1111 usus
979 1092 1038 1111 non
1059 1081 1215 1111 habeantur
1229 1102 1240 1117 ,
1258 1091 1316 1110 non
1334 1079 1458 1110 multum
1475 1091 1547 1123 ope-

311 1136 348 1156 rae
367 1124 488 1168 positum
516 1123 568 1155 fuit
587 1127 616 1155 in
633 1127 667 1154 iis
692 1128 803 1167 penitus
824 1124 994 1155 exsiccandis
1018 1137 1024 1155 :
1042 1135 1109 1154 nam
1127 1123 1174 1154 hic
1199 1135 1269 1167 pene
1290 1135 1362 1153 unus
1386 1134 1486 1154 corum
1507 1125 1547 1155 est

311 1170 375 1198 usus
392 1194 400 1204 ,
426 1180 456 1200 ut
479 1179 582 1210 magna
604 1167 775 1211 phlegmatis
799 1179 896 1212 parte,
924 1179 986 1209 quae
1012 1166 1068 1198 una
1089 1179 1153 1198 cum
1177 1170 1210 1198 iis
1226 1166 1328 1198 salibus
1350 1165 1485 1202 ascendit,
1505 1167 1547 1197 sc-

310 1222 386 1242 crcta
404 1234 413 1247 ‚
427 1210 596 1255 corporibus
620 1215 738 1242 terrenis
759 1214 788 1243 δε
804 1211 954 1242 metallicis
972 1208 1158 1241 dissolvendis
1178 1210 1374 1241 adhibeantur.
1399 1210 1462 1240 Nec
1482 1210 1547 1240 raro

311 1254 383 1299 aqua
403 1257 552 1285 communi
574 1253 704 1285 diluendi
723 1253 786 1285 sum
807 1255 837 1284 hi
861 1254 973 1297 spiritus
993 1254 1087 1289 acidi,
1107 1265 1137 1284 ut
1153 1265 1229 1285 certa
1252 1252 1383 1296 quaedam
1397 1252 1548 1284 exsolvant

310 1310 442 1341 corpora.
459 1300 506 1328 Sic
518 1307 590 1338 aqua
604 1295 686 1327 fortis
709 1308 775 1326 cnm
798 1300 897 1339 purior
919 1298 981 1331 est,
1005 1300 1036 1326 &
1056 1296 1256 1338 acrior'quam
1277 1295 1400 1338 vulgaris
1425 1295 1478 1326 effe
1502 1295 1548 1326 so-

311 1341 349 1371 let
364 1363 372 1375 ,
398 1350 547 1380 argentum
567 1342 665 1380 nequit
682 1338 834 1370 dissolvere
849 1353 855 1370 ι
880 1338 924 1369 scd
946 1350 978 1369 ex
1005 1350 1036 1368 ea
1052 1337 1086 1369 fit
1103 1349 1175 1381 aqua
1197 1338 1300 1380 regalis
1315 1341 1425 1381 optima
1438 1361 1446 1374 ‚
1461 1350 1547 1381 quain

311 1384 345 1414 ad
357 1375 467 1413 (erasm
482 1381 568 1424 usque
578 1381 699 1423 gradum
712 1392 782 1423 aqua
797 1380 1066 1412 communidiluere
1085 1380 1192 1412 necess'c
1212 1382 1252 1412 est
1264 1393 1294 1412 ut
1305 1380 1438 1411 dissolvat
1453 1385 1480 1413 δε
1499 1393 1549 1424 pc-

312 1437 404 1456 netret
430 1436 590 1467 argentum.
617 1425 696 1454 Tum
721 1435 790 1455 vero
811 1424 903 1455 adhuc
925 1428 1017 1454 acrior
1034 1425 1091 1459 est,
1107 1423 1194 1466 quam
1214 1435 1246 1455 ut
1263 1434 1382 1466 cuprum
1395 1446 1404 1459 ,
1427 1424 1548 1461 ferrum,

310 1468 464 1512 plumbum
485 1467 571 1498 facile
586 1467 732 1503 exsolvat,
754 1465 805 1498 nisi
832 1467 895 1500 duae
917 1478 963 1498 aut
985 1478 1039 1498 tres
1054 1470 1218 1498 con-imunis
1236 1479 1314 1510 aquae
1330 1478 1422 1508 partes
1437 1467 1547 1497 addan-

313 1524 359 1543 tur
373 1535 381 1549 ,
402 1523 433 1542 ut
456 1522 597 1554 cuprum,
621 1521 668 1541 aut
692 1511 799 1542 ferrum
815 1533 825 1547 ‚
848 1515 975 1555 quinque
996 1521 1043 1541 aut
1063 1511 1107 1541 sex
1123 1522 1214 1554 partes
1231 1532 1240 1548 ‚
1262 1522 1292 1541 ut
1312 1510 1464 1554 plumbum
1489 1510 1547 1541 sol-

312 1567 359 1587 var
376 1569 382 1586 :
406 1557 482 1585 secus
506 1558 534 1586 in
550 1554 658 1584 calcem
679 1554 739 1584 haec
760 1553 874 1586 metalla
895 1553 1007 1597 redigit.

346 1611 371 1638 3.
398 1600 465 1628 Hoc
484 1597 585 1629 itidem
607 1601 636 1628 in
659 1608 730 1640 aqua
751 1596 863 1640 regali,
887 1596 945 1640 qui
967 1608 1067 1628 aurum
1082 1595 1200 1628 solvitur
1214 1619 1225 1634 ‚
1248 1595 1350 1627 accidit
1360 1609 1373 1628 A:
1388 1607 1449 1627 eam
1463 1599 1548 1640 quips

313 1654 347 1684 pc
369 1642 478 1672 diluere
505 1638 612 1671 necesse
633 1640 671 1671 cst
686 1663 696 1676 ‚
718 1652 749 1672 ut
769 1641 899 1672 stannum
915 1640 1042 1672 exsolvat
1059 1654 1065 1671 :
1089 1651 1211 1682 quatuor
1228 1636 1334 1671 scilice't
1350 1651 1396 1671 aut
1417 1643 1546 1684 quinque

314 1695 406 1728 partes
421 1695 499 1727 aqua:
516 1683 655 1714 addendae
681 1685 743 1715 sunt
756 1707 766 1721 ,
790 1684 897 1728 alioqui
921 1683 1028 1715 calcem
1049 1682 1163 1714 tantum
1177 1683 1268 1715 dabir.

357 1740 387 1764 4.
411 1726 611 1770 Quamobrem
625 1753 634 1766 ‚
657 1730 706 1770 qui
722 1727 757 1758 ab
787 1727 873 1759 acidis
903 1726 1045 1771 spiritibus
1075 1728 1217 1770 expectari
1239 1725 1309 1757 solet
1324 1726 1444 1758 effeetus
1460 1749 1469 1761 ,
1489 1726 1545 1758 dis-

316 1771 421 1803 solutio
445 1770 578 1802 videlicet
598 1781 772 1814 corporum,
797 1783 830 1802 ex
852 1774 974 1802 mixtura
987 1775 1046 1812 ejus
1066 1770 1144 1812 quod
1170 1771 1287 1813 proprie
1304 1769 1418 1800 acidum
1432 1771 1469 1800 est
1483 1792 1492 1806 ‚
1514 1773 1546 1801 δε

317 1819 344 1844 in
368 1813 452 1844 salem
467 1824 632 1844 concretum
648 1813 726 1844 abire
745 1815 857 1862 potest,
882 1826 947 1845 cum
969 1825 1043 1844 certa
1065 1818 1093 1843 Sc
1114 1813 1217 1844 idonea
1243 1812 1411 1855 phlegmatis
1435 1816 1546 1856 portio-

315 1869 372 1893 ne,
393 1858 471 1900 quod
496 1855 601 1886 fluidos
627 1856 694 1886 sales
708 1858 812 1894 efficit,
841 1861 962 1889 omnino
985 1855 1184 1900 proficiscitur.
1206 1857 1301 1897 Atque
1325 1856 1353 1886 hi
1388 1856 1456 1886 sales
1480 1856 1547 1886 lon-

309 1912 348 1942 ge
367 1900 494 1931 diversos
515 1898 633 1929 effeetus
659 1922 667 1933 ‚
696 1903 755 1931 imo
778 1905 808 1932 δε
831 1902 948 1944 quando
972 1912 1005 1931 uc
1028 1903 1061 1930 iis
1084 1899 1168 1942 ἱρῆς,
1191 1902 1239 1943 qui
1267 1899 1282 1927 a
1298 1898 1400 1930 salibus
1416 1899 1546 1943 stirpium

315 1949 346 1974 &c
371 1943 536 1974 animalium
552 1941 714 1985 prodeunt,
734 1948 855 1975 omnino
868 1913 1014 1988 OPPOHmS
1034 1953 1204 1985 procreant:
1230 1954 1295 1972 nam
1314 1941 1380 1973 sales
1394 1954 1463 1985 pene
1479 1954 1546 1972 om.

313 1998 362 2017 nes
382 1988 550 2018 animalium
574 1987 605 2015 δι
619 1985 823 2026 vegetabilium
838 1988 986 2023 volatiles,
1011 1986 1098 2018 iidem
1116 1986 1179 2017 sunt
1199 1984 1306 2016 urinost
1324 2007 1333 2020 ‚
1350 1984 1368 2017 si
1388 1986 1544 2016 ostreorum

314 2035 344 2060 δε
364 2041 531 2060 cancrorum
553 2026 622 2057 sales
645 2027 776 2060 volatiles
796 2033 957 2073 exceperis,
977 2033 1025 2073 qui
1047 2041 1097 2059 nec
1122 2028 1195 2059 acidi
1222 2029 1284 2060 sunt
1297 2051 1306 2064 ,
1329 2040 1381 2060 nec
1401 2027 1517 2060 urinosi.

357 2085 377 2112 5.
405 2075 527 2116 Spiritus
552 2070 626 2102 acidi
647 2071 758 2103 nonnisi
780 2073 872 2104 multo
893 2073 990 2104 labore
1013 2073 1102 2103 solent
1117 2073 1296 2103 concrescere
1316 2094 1325 2107 ,
1343 2083 1374 2102 ac
1395 2071 1541 2114 pristinam

314 2117 388 2148 ssiam
408 2117 578 2148 fluiditatem
601 2113 661 2145 cito
680 2125 847 2160 recuperant
870 2129 902 2147 cx
929 2115 1025 2160 aquosi
1048 2115 1166 2157 alicujus
1192 2115 1310 2158 liquoris
1327 2117 1438 2146 vicinia.
1463 2115 1541 2145 Hinc
