<?xml version="1.0" encoding="UTF-8"?>
<!DOCTYPE html PUBLIC "-//W3C//DTD XHTML 1.0 Transitional//EN"
    "http://www.w3.org/TR/xhtml1/DTD/xhtml1-transitional.dtd">
<html xmlns="http://www.w3.org/1999/xhtml" xml:lang="en" lang="en">
 <head>
  <title>
</title>
<meta http-equiv="Content-Type" content="text/html;charset=utf-8" />
  <meta name='ocr-system' content='tesseract 3.04.00' />
  <meta name='ocr-capabilities' content='ocr_page ocr_carea ocr_par ocr_line ocrx_word'/>
</head>
<body>
  <div class='ocr_page' id='page_1' title='image "./regiscientiaru98duha_0111.png"; bbox 0 0 1638 2345; ppageno 0'>
   <div class='ocr_carea' id='block_1_1' title="bbox 61 136 1415 1912">
    <p class='ocr_par' dir='ltr' id='par_1_1' title="bbox 61 136 1415 441">
     <span class='ocr_line' id='line_1_1' title="bbox 293 136 1295 171; baseline -0.008 0"><span class='ocrx_word' id='word_1_1' title='bbox 293 139 591 171; x_wconf 74' lang='lat' dir='ltr'>ACADEMIAE</span> <span class='ocrx_word' id='word_1_2' title='bbox 632 136 923 169; x_wconf 84' lang='lat' dir='ltr'><strong>HISTORIA.</strong></span> <span class='ocrx_word' id='word_1_3' title='bbox 962 136 1110 167; x_wconf 71' lang='lat' dir='ltr'>Ltn.1.</span> <span class='ocrx_word' id='word_1_4' title='bbox 1260 136 1295 170; x_wconf 76' lang='lat'>89</span> 
     </span>
     <span class='ocr_line' id='line_1_2' title="bbox 61 175 1383 225; baseline -0.006 -11"><span class='ocrx_word' id='word_1_5' title='bbox 61 184 116 215; x_wconf 77' lang='lat' dir='ltr'>sale</span> <span class='ocrx_word' id='word_1_6' title='bbox 137 183 233 225; x_wconf 86' lang='lat' dir='ltr'>aliquo</span> <span class='ocrx_word' id='word_1_7' title='bbox 256 183 367 214; x_wconf 81' lang='lat' dir='ltr'>volatili</span> <span class='ocrx_word' id='word_1_8' title='bbox 389 187 418 213; x_wconf 62' lang='grc' dir='ltr'>ἐκ</span> <span class='ocrx_word' id='word_1_9' title='bbox 445 182 538 214; x_wconf 86' lang='lat' dir='ltr'>soluto</span> <span class='ocrx_word' id='word_1_10' title='bbox 564 181 629 212; x_wconf 80' lang='lat' dir='ltr'>foeti</span> <span class='ocrx_word' id='word_1_11' title='bbox 654 181 766 225; x_wconf 82' lang='lat' dir='ltr'>spiritus</span> <span class='ocrx_word' id='word_1_12' title='bbox 798 179 985 223; x_wconf 77' lang='lat' dir='ltr'>appellantur.</span> <span class='ocrx_word' id='word_1_13' title='bbox 1029 181 1090 219; x_wconf 86' lang='lat' dir='ltr'>Qi</span> <span class='ocrx_word' id='word_1_14' title='bbox 1115 175 1232 219; x_wconf 84' lang='lat' dir='ltr'>quidem</span> <span class='ocrx_word' id='word_1_15' title='bbox 1259 175 1296 206; x_wconf 76' lang='lat' dir='ltr'>sa!</span> <span class='ocrx_word' id='word_1_16' title='bbox 1336 177 1383 204; x_wconf 83' lang='lat' dir='ltr'>De</span> 
     </span>
     <span class='ocr_line' id='line_1_3' title="bbox 62 219 1404 271; baseline -0.009 -13"><span class='ocrx_word' id='word_1_17' title='bbox 62 227 189 271; x_wconf 82' lang='lat' dir='ltr'>saporem</span> <span class='ocrx_word' id='word_1_18' title='bbox 212 229 245 258; x_wconf 80' lang='lat' dir='ltr'>iis</span> <span class='ocrx_word' id='word_1_19' title='bbox 263 226 309 257; x_wconf 82' lang='lat' dir='ltr'>vel</span> <span class='ocrx_word' id='word_1_20' title='bbox 327 238 420 257; x_wconf 83' lang='lat' dir='ltr'>acrem</span> <span class='ocrx_word' id='word_1_21' title='bbox 438 248 446 261; x_wconf 78' lang='lat'>,</span> <span class='ocrx_word' id='word_1_22' title='bbox 466 225 511 256; x_wconf 88' lang='lat' dir='ltr'>vel</span> <span class='ocrx_word' id='word_1_23' title='bbox 526 225 639 256; x_wconf 81' lang='lat' dir='ltr'>acidum</span> <span class='ocrx_word' id='word_1_24' title='bbox 654 247 663 259; x_wconf 86' lang='lat'><em>,</em></span> <span class='ocrx_word' id='word_1_25' title='bbox 683 223 728 255; x_wconf 90' lang='lat' dir='ltr'>vel</span> <span class='ocrx_word' id='word_1_26' title='bbox 745 226 866 254; x_wconf 80' lang='lat' dir='ltr'>mixtum</span> <span class='ocrx_word' id='word_1_27' title='bbox 880 220 1014 252; x_wconf 82' lang='lat' dir='ltr'>conciliat</span> <span class='ocrx_word' id='word_1_28' title='bbox 1051 224 1139 251; x_wconf 76' lang='lat' dir='ltr'>Actes</span> <span class='ocrx_word' id='word_1_29' title='bbox 1161 224 1190 252; x_wconf 69' lang='grc' dir='ltr'>ὅ(</span> <span class='ocrx_word' id='word_1_30' title='bbox 1212 219 1295 251; x_wconf 81' lang='lat' dir='ltr'>subti-</span> <span class='ocrx_word' id='word_1_31' title='bbox 1316 219 1404 248; x_wconf 62' lang='lat' dir='ltr'>Amal.</span> 
     </span>
     <span class='ocr_line' id='line_1_4' title="bbox 62 263 1406 314; baseline -0.007 -14"><span class='ocrx_word' id='word_1_32' title='bbox 62 269 149 300; x_wconf 87' lang='lat' dir='ltr'>liores</span> <span class='ocrx_word' id='word_1_33' title='bbox 169 269 237 300; x_wconf 79' lang='lat' dir='ltr'>sales</span> <span class='ocrx_word' id='word_1_34' title='bbox 255 292 263 305; x_wconf 93' lang='lat'><strong><em>,</em></strong></span> <span class='ocrx_word' id='word_1_35' title='bbox 286 273 334 314; x_wconf 91' lang='lat' dir='ltr'>qui</span> <span class='ocrx_word' id='word_1_36' title='bbox 354 273 427 312; x_wconf 78' lang='lat' dir='ltr'>ignis</span> <span class='ocrx_word' id='word_1_37' title='bbox 442 268 536 299; x_wconf 81' lang='lat' dir='ltr'>calore</span> <span class='ocrx_word' id='word_1_38' title='bbox 551 271 581 299; x_wconf 86' lang='lat' dir='ltr'>in</span> <span class='ocrx_word' id='word_1_39' title='bbox 609 266 756 298; x_wconf 81' lang='lat' dir='ltr'>nonnullis</span> <span class='ocrx_word' id='word_1_40' title='bbox 770 269 865 297; x_wconf 77' lang='lat' dir='ltr'>mixtis</span> <span class='ocrx_word' id='word_1_41' title='bbox 885 268 966 296; x_wconf 79' lang='lat' dir='ltr'>citius</span> <span class='ocrx_word' id='word_1_42' title='bbox 984 263 1153 295; x_wconf 81' lang='lat' dir='ltr'>attolluntur</span> <span class='ocrx_word' id='word_1_43' title='bbox 1167 287 1176 299; x_wconf 89' lang='lat'><em>‚</em></span> <span class='ocrx_word' id='word_1_44' title='bbox 1195 267 1297 307; x_wconf 84' lang='lat' dir='ltr'>quique</span> <span class='ocrx_word' id='word_1_45' title='bbox 1316 265 1406 291; x_wconf 56' lang='lat' dir='ltr'>Flam.</span> 
     </span>
     <span class='ocr_line' id='line_1_5' title="bbox 62 306 1415 355; baseline -0.006 -12"><span class='ocrx_word' id='word_1_46' title='bbox 62 312 232 343; x_wconf 71' lang='lat' dir='ltr'>calefaciunt</span> <span class='ocrx_word' id='word_1_47' title='bbox 258 315 288 343; x_wconf 90' lang='lat'><strong>&amp;</strong></span> <span class='ocrx_word' id='word_1_48' title='bbox 317 312 454 344; x_wconf 82' lang='lat' dir='ltr'>exsiccant</span> <span class='ocrx_word' id='word_1_49' title='bbox 479 334 488 348; x_wconf 85' lang='lat'><strong>,</strong></span> <span class='ocrx_word' id='word_1_50' title='bbox 521 311 665 355; x_wconf 72' lang='lat' dir='ltr'>sulphurei</span> <span class='ocrx_word' id='word_1_51' title='bbox 693 311 752 342; x_wconf 86' lang='lat' dir='ltr'>dici</span> <span class='ocrx_word' id='word_1_52' title='bbox 781 309 899 343; x_wconf 84' lang='lat' dir='ltr'>solent,</span> <span class='ocrx_word' id='word_1_53' title='bbox 929 320 1052 351; x_wconf 82' lang='lat' dir='ltr'>quorum</span> <span class='ocrx_word' id='word_1_54' title='bbox 1075 306 1122 337; x_wconf 84' lang='lat' dir='ltr'>alii</span> <span class='ocrx_word' id='word_1_55' title='bbox 1157 306 1218 338; x_wconf 88' lang='lat' dir='ltr'>sunt</span> <span class='ocrx_word' id='word_1_56' title='bbox 1253 309 1293 337; x_wconf 80' lang='lat' dir='ltr'>in-</span> <span class='ocrx_word' id='word_1_57' title='bbox 1317 308 1348 335; x_wconf 55' lang='lat' dir='ltr'>UT*</span> <span class='ocrx_word' id='word_1_58' title='bbox 1379 315 1415 333; x_wconf 72' lang='lat' dir='ltr'>a·</span> 
     </span>
     <span class='ocr_line' id='line_1_6' title="bbox 63 350 1386 395; baseline -0.007 -10"><span class='ocrx_word' id='word_1_59' title='bbox 63 354 254 386; x_wconf 70' lang='lat' dir='ltr'>flammabiles</span> <span class='ocrx_word' id='word_1_60' title='bbox 268 379 276 390; x_wconf 95' lang='lat'>‚</span> <span class='ocrx_word' id='word_1_61' title='bbox 301 355 348 387; x_wconf 85' lang='lat' dir='ltr'>alii</span> <span class='ocrx_word' id='word_1_62' title='bbox 365 367 423 386; x_wconf 91' lang='lat' dir='ltr'>non</span> <span class='ocrx_word' id='word_1_63' title='bbox 438 359 517 387; x_wconf 84' lang='lat' dir='ltr'>item.</span> <span class='ocrx_word' id='word_1_64' title='bbox 540 357 600 395; x_wconf 83' lang='lat' dir='ltr'>Qi</span> <span class='ocrx_word' id='word_1_65' title='bbox 616 357 709 385; x_wconf 80' lang='lat' dir='ltr'>minus</span> <span class='ocrx_word' id='word_1_66' title='bbox 728 353 790 384; x_wconf 88' lang='lat' dir='ltr'>sunt</span> <span class='ocrx_word' id='word_1_67' title='bbox 808 351 938 383; x_wconf 75' lang='lat' dir='ltr'>volatiles</span> <span class='ocrx_word' id='word_1_68' title='bbox 951 374 960 387; x_wconf 94' lang='lat'><em>,</em></span> <span class='ocrx_word' id='word_1_69' title='bbox 985 354 1016 382; x_wconf 68' lang='grc' dir='ltr'>ἅτ</span> <span class='ocrx_word' id='word_1_70' title='bbox 1036 351 1166 382; x_wconf 73' lang='lat' dir='ltr'>aciditnte</span> <span class='ocrx_word' id='word_1_71' title='bbox 1178 350 1300 393; x_wconf 48' lang='lat' dir='ltr'>quadum</span> <span class='ocrx_word' id='word_1_72' title='bbox 1319 359 1386 388; x_wconf 57' lang='lat'>&gt;71⁴2-</span> 
     </span>
     <span class='ocr_line' id='line_1_7' title="bbox 63 397 1375 441; baseline -0.005 -12"><span class='ocrx_word' id='word_1_73' title='bbox 63 397 208 430; x_wconf 83' lang='lat' dir='ltr'>donantur</span> <span class='ocrx_word' id='word_1_74' title='bbox 222 421 231 433; x_wconf 93' lang='lat'><em>‚</em></span> <span class='ocrx_word' id='word_1_75' title='bbox 254 398 340 429; x_wconf 86' lang='lat' dir='ltr'>iidem</span> <span class='ocrx_word' id='word_1_76' title='bbox 355 398 535 429; x_wconf 82' lang='lat' dir='ltr'>mercuriales</span> <span class='ocrx_word' id='word_1_77' title='bbox 557 397 743 441; x_wconf 73' lang='lat' dir='ltr'>appellantur.</span> <span class='ocrx_word' id='word_1_78' title='bbox 1317 402 1375 419; x_wconf 74' lang='lat' dir='ltr'>&#39;rum</span> 
     </span>
    </p>

    <p class='ocr_par' dir='ltr' id='par_1_2' title="bbox 65 436 1406 1174">
     <span class='ocr_line' id='line_1_8' title="bbox 109 436 1406 484; baseline -0.007 -12"><span class='ocrx_word' id='word_1_79' title='bbox 109 444 122 472; x_wconf 89' lang='lat'>1</span> <span class='ocrx_word' id='word_1_80' title='bbox 138 445 174 473; x_wconf 89' lang='lat' dir='ltr'>V.</span> <span class='ocrx_word' id='word_1_81' title='bbox 211 440 321 472; x_wconf 82' lang='lat' dir='ltr'>Oleum</span> <span class='ocrx_word' id='word_1_82' title='bbox 333 441 402 472; x_wconf 76' lang='lat' dir='ltr'>veto</span> <span class='ocrx_word' id='word_1_83' title='bbox 425 440 520 484; x_wconf 87' lang='lat' dir='ltr'>liquor</span> <span class='ocrx_word' id='word_1_84' title='bbox 537 441 574 471; x_wconf 81' lang='lat' dir='ltr'>est</span> <span class='ocrx_word' id='word_1_85' title='bbox 589 438 807 471; x_wconf 80' lang='lat' dir='ltr'>inflammabilis</span> <span class='ocrx_word' id='word_1_86' title='bbox 819 464 827 474; x_wconf 87' lang='grc'><em>,</em></span> <span class='ocrx_word' id='word_1_87' title='bbox 839 441 946 481; x_wconf 85' lang='lat' dir='ltr'>quique</span> <span class='ocrx_word' id='word_1_88' title='bbox 957 449 1022 468; x_wconf 86' lang='lat' dir='ltr'>cum</span> <span class='ocrx_word' id='word_1_89' title='bbox 1036 449 1106 479; x_wconf 78' lang='lat' dir='ltr'>aqua</span> <span class='ocrx_word' id='word_1_90' title='bbox 1126 449 1185 468; x_wconf 89' lang='lat' dir='ltr'>non</span> <span class='ocrx_word' id='word_1_91' title='bbox 1199 436 1298 467; x_wconf 73' lang='lat' dir='ltr'>misce-</span> <span class='ocrx_word' id='word_1_92' title='bbox 1317 437 1406 464; x_wconf 73' lang='lat' dir='ltr'>mimr.</span> 
     </span>
     <span class='ocr_line' id='line_1_9' title="bbox 65 480 1303 528; baseline -0.005 -12"><span class='ocrx_word' id='word_1_93' title='bbox 65 495 120 516; x_wconf 75' lang='lat' dir='ltr'>tur.</span> <span class='ocrx_word' id='word_1_94' title='bbox 147 486 218 516; x_wconf 88' lang='lat' dir='ltr'>Sunt</span> <span class='ocrx_word' id='word_1_95' title='bbox 230 484 292 515; x_wconf 84' lang='lat' dir='ltr'>olea</span> <span class='ocrx_word' id='word_1_96' title='bbox 303 497 364 528; x_wconf 82' lang='lat' dir='ltr'>quae</span> <span class='ocrx_word' id='word_1_97' title='bbox 382 484 492 527; x_wconf 71' lang='lat' dir='ltr'>aquosis</span> <span class='ocrx_word' id='word_1_98' title='bbox 507 482 666 526; x_wconf 75' lang='lat' dir='ltr'>liquoribus</span> <span class='ocrx_word' id='word_1_99' title='bbox 681 486 828 517; x_wconf 76' lang='lat' dir='ltr'>innatant,</span> <span class='ocrx_word' id='word_1_100' title='bbox 843 482 897 512; x_wconf 84' lang='lat' dir='ltr'>alia</span> <span class='ocrx_word' id='word_1_101' title='bbox 910 480 985 512; x_wconf 80' lang='lat' dir='ltr'>infra</span> <span class='ocrx_word' id='word_1_102' title='bbox 997 481 1211 523; x_wconf 66' lang='lat' dir='ltr'>demerguntur.</span> <span class='ocrx_word' id='word_1_103' title='bbox 1231 481 1303 510; x_wconf 82' lang='lat' dir='ltr'>Sunt</span> 
     </span>
     <span class='ocr_line' id='line_1_10' title="bbox 66 524 1305 572; baseline -0.003 -14"><span class='ocrx_word' id='word_1_104' title='bbox 66 527 170 558; x_wconf 84' lang='lat' dir='ltr'>itidem</span> <span class='ocrx_word' id='word_1_105' title='bbox 185 527 305 572; x_wconf 87' lang='lat' dir='ltr'>duplicis</span> <span class='ocrx_word' id='word_1_106' title='bbox 323 531 434 571; x_wconf 83' lang='lat' dir='ltr'>generis</span> <span class='ocrx_word' id='word_1_107' title='bbox 453 539 461 563; x_wconf 89' lang='lat'>·‚</span> <span class='ocrx_word' id='word_1_108' title='bbox 476 527 606 568; x_wconf 73' lang='lat' dir='ltr'>quaedarn</span> <span class='ocrx_word' id='word_1_109' title='bbox 617 530 693 557; x_wconf 76' lang='lat' dir='ltr'>enim</span> <span class='ocrx_word' id='word_1_110' title='bbox 708 538 772 556; x_wconf 80' lang='lat' dir='ltr'>cuin</span> <span class='ocrx_word' id='word_1_111' title='bbox 787 525 840 557; x_wconf 76' lang='lat' dir='ltr'>sint</span> <span class='ocrx_word' id='word_1_112' title='bbox 851 524 996 556; x_wconf 83' lang='lat' dir='ltr'>subtiliora</span> <span class='ocrx_word' id='word_1_113' title='bbox 1006 547 1014 559; x_wconf 95' lang='lat'><em>,</em></span> <span class='ocrx_word' id='word_1_114' title='bbox 1026 525 1122 566; x_wconf 78' lang='lat' dir='ltr'>digitis</span> <span class='ocrx_word' id='word_1_115' title='bbox 1138 536 1197 554; x_wconf 90' lang='lat' dir='ltr'>non</span> <span class='ocrx_word' id='word_1_116' title='bbox 1209 524 1305 554; x_wconf 64' lang='lat' dir='ltr'>adher-</span> 
     </span>
     <span class='ocr_line' id='line_1_11' title="bbox 67 565 1309 614; baseline -0.003 -14"><span class='ocrx_word' id='word_1_117' title='bbox 67 570 180 601; x_wconf 80' lang='lat' dir='ltr'>rescunt</span> <span class='ocrx_word' id='word_1_118' title='bbox 197 593 206 606; x_wconf 91' lang='lat'><em>‚</em></span> <span class='ocrx_word' id='word_1_119' title='bbox 227 582 279 601; x_wconf 86' lang='lat' dir='ltr'>nec</span> <span class='ocrx_word' id='word_1_120' title='bbox 293 571 466 614; x_wconf 79' lang='lat' dir='ltr'>pinguedine</span> <span class='ocrx_word' id='word_1_121' title='bbox 481 571 527 601; x_wconf 81' lang='lat' dir='ltr'>sua</span> <span class='ocrx_word' id='word_1_122' title='bbox 546 576 598 601; x_wconf 80' lang='lat' dir='ltr'>n‘os</span> <span class='ocrx_word' id='word_1_123' title='bbox 619 568 750 600; x_wconf 75' lang='lat' dir='ltr'>inficiunt</span> <span class='ocrx_word' id='word_1_124' title='bbox 771 592 779 604; x_wconf 92' lang='lat'><em>,</em></span> <span class='ocrx_word' id='word_1_125' title='bbox 806 580 893 610; x_wconf 80' lang='lat' dir='ltr'>eaque</span> <span class='ocrx_word' id='word_1_126' title='bbox 910 568 1030 599; x_wconf 74' lang='lat' dir='ltr'>aetherea</span> <span class='ocrx_word' id='word_1_127' title='bbox 1046 570 1206 598; x_wconf 76' lang='lat' dir='ltr'>vocitantur</span> <span class='ocrx_word' id='word_1_128' title='bbox 1225 578 1233 600; x_wconf 81' lang='lat'><em>3</em></span> <span class='ocrx_word' id='word_1_129' title='bbox 1256 565 1309 596; x_wconf 67' lang='lat' dir='ltr'>alia</span> 
     </span>
     <span class='ocr_line' id='line_1_12' title="bbox 68 608 1308 658; baseline -0.006 -13"><span class='ocrx_word' id='word_1_130' title='bbox 68 612 176 645; x_wconf 64' lang='lat' dir='ltr'>viscosa</span> <span class='ocrx_word' id='word_1_131' title='bbox 198 613 260 644; x_wconf 85' lang='lat' dir='ltr'>sunt</span> <span class='ocrx_word' id='word_1_132' title='bbox 285 618 314 644; x_wconf 89' lang='lat'>&amp;</span> <span class='ocrx_word' id='word_1_133' title='bbox 337 618 461 658; x_wconf 88' lang='lat' dir='ltr'>pinguia.</span> <span class='ocrx_word' id='word_1_134' title='bbox 486 617 560 655; x_wconf 83' lang='lat' dir='ltr'>Qae</span> <span class='ocrx_word' id='word_1_135' title='bbox 582 612 616 643; x_wconf 86' lang='lat' dir='ltr'>acl</span> <span class='ocrx_word' id='word_1_136' title='bbox 640 616 730 643; x_wconf 81' lang='lat' dir='ltr'>imum</span> <span class='ocrx_word' id='word_1_137' title='bbox 752 623 829 655; x_wconf 71' lang='lat' dir='ltr'>equae</span> <span class='ocrx_word' id='word_1_138' title='bbox 848 611 1047 645; x_wconf 82' lang='lat' dir='ltr'>descendunt,</span> <span class='ocrx_word' id='word_1_139' title='bbox 1073 608 1158 640; x_wconf 65' lang='lat' dir='ltr'>crass&#39;a</span> <span class='ocrx_word' id='word_1_140' title='bbox 1186 609 1247 640; x_wconf 84' lang='lat' dir='ltr'>sunt</span> <span class='ocrx_word' id='word_1_141' title='bbox 1277 613 1308 639; x_wconf 85' lang='lat'>&amp;</span> 
     </span>
     <span class='ocr_line' id='line_1_13' title="bbox 69 652 1311 701; baseline -0.003 -15"><span class='ocrx_word' id='word_1_142' title='bbox 69 655 190 687; x_wconf 73' lang='lat' dir='ltr'>resinosa</span> <span class='ocrx_word' id='word_1_143' title='bbox 204 679 212 691; x_wconf 95' lang='lat'><em>,</em></span> <span class='ocrx_word' id='word_1_144' title='bbox 237 668 320 699; x_wconf 84' lang='lat' dir='ltr'>atque</span> <span class='ocrx_word' id='word_1_145' title='bbox 340 669 370 688; x_wconf 90' lang='lat' dir='ltr'>ut</span> <span class='ocrx_word' id='word_1_146' title='bbox 394 657 550 701; x_wconf 84' lang='lat' dir='ltr'>plurimum</span> <span class='ocrx_word' id='word_1_147' title='bbox 571 654 707 687; x_wconf 78' lang='lat' dir='ltr'>densitate</span> <span class='ocrx_word' id='word_1_148' title='bbox 723 654 770 685; x_wconf 78' lang='lat' dir='ltr'>sua</span> <span class='ocrx_word' id='word_1_149' title='bbox 789 658 819 686; x_wconf 75' lang='grc' dir='ltr'>δι</span> <span class='ocrx_word' id='word_1_150' title='bbox 842 652 1019 684; x_wconf 77' lang='lat' dir='ltr'>consistentia</span> <span class='ocrx_word' id='word_1_151' title='bbox 1033 656 1062 684; x_wconf 92' lang='lat' dir='ltr'>vi</span> <span class='ocrx_word' id='word_1_152' title='bbox 1077 653 1200 695; x_wconf 69' lang='lat' dir='ltr'>quadam</span> <span class='ocrx_word' id='word_1_153' title='bbox 1220 653 1311 683; x_wconf 70' lang='lat' dir='ltr'>balsa-</span> 
     </span>
     <span class='ocr_line' id='line_1_14' title="bbox 70 699 320 733; baseline 0.004 -3"><span class='ocrx_word' id='word_1_154' title='bbox 70 702 145 730; x_wconf 66' lang='lat' dir='ltr'>mica</span> <span class='ocrx_word' id='word_1_155' title='bbox 166 699 320 733; x_wconf 77' lang='lat' dir='ltr'>donantur.</span> 
     </span>
     <span class='ocr_line' id='line_1_15' title="bbox 80 738 1312 785; baseline -0.003 -12"><span class='ocrx_word' id='word_1_156' title='bbox 80 765 82 767; x_wconf 56' lang='lat'>&gt;</span> <span class='ocrx_word' id='word_1_157' title='bbox 114 746 153 774; x_wconf 92' lang='lat' dir='ltr'>V.</span> <span class='ocrx_word' id='word_1_158' title='bbox 189 742 236 774; x_wconf 87' lang='lat' dir='ltr'>Sal</span> <span class='ocrx_word' id='word_1_159' title='bbox 254 743 356 774; x_wconf 85' lang='lat' dir='ltr'>dicitur</span> <span class='ocrx_word' id='word_1_160' title='bbox 380 741 410 773; x_wconf 85' lang='lat' dir='ltr'>id</span> <span class='ocrx_word' id='word_1_161' title='bbox 431 754 520 773; x_wconf 86' lang='lat' dir='ltr'>omne</span> <span class='ocrx_word' id='word_1_162' title='bbox 541 742 619 785; x_wconf 89' lang='lat' dir='ltr'>quod</span> <span class='ocrx_word' id='word_1_163' title='bbox 644 745 673 772; x_wconf 90' lang='lat' dir='ltr'>in</span> <span class='ocrx_word' id='word_1_164' title='bbox 695 739 818 772; x_wconf 78' lang='lat' dir='ltr'>humido</span> <span class='ocrx_word' id='word_1_165' title='bbox 839 740 996 771; x_wconf 83' lang='lat' dir='ltr'>exsolvitur</span> <span class='ocrx_word' id='word_1_166' title='bbox 1017 763 1026 775; x_wconf 90' lang='lat'><em>,</em></span> <span class='ocrx_word' id='word_1_167' title='bbox 1051 743 1081 771; x_wconf 69' lang='grc' dir='ltr'>δε</span> <span class='ocrx_word' id='word_1_168' title='bbox 1102 743 1130 770; x_wconf 84' lang='lat' dir='ltr'>in</span> <span class='ocrx_word' id='word_1_169' title='bbox 1146 738 1219 769; x_wconf 79' lang='lat' dir='ltr'>ficco</span> <span class='ocrx_word' id='word_1_170' title='bbox 1244 750 1312 769; x_wconf 80' lang='lat' dir='ltr'>con-</span> 
     </span>
     <span class='ocr_line' id='line_1_16' title="bbox 70 781 1313 829; baseline -0.002 -14"><span class='ocrx_word' id='word_1_171' title='bbox 70 786 171 817; x_wconf 81' lang='lat' dir='ltr'>crescit</span> <span class='ocrx_word' id='word_1_172' title='bbox 195 797 202 820; x_wconf 82' lang='lat'>;</span> <span class='ocrx_word' id='word_1_173' title='bbox 228 785 325 828; x_wconf 78' lang='lat' dir='ltr'>sapore</span> <span class='ocrx_word' id='word_1_174' title='bbox 345 785 470 829; x_wconf 82' lang='lat' dir='ltr'>quodam</span> <span class='ocrx_word' id='word_1_175' title='bbox 493 797 635 829; x_wconf 82' lang='lat' dir='ltr'>pungente</span> <span class='ocrx_word' id='word_1_176' title='bbox 660 785 794 829; x_wconf 74' lang='lat' dir='ltr'>praeditus</span> <span class='ocrx_word' id='word_1_177' title='bbox 812 783 860 816; x_wconf 88' lang='lat' dir='ltr'>est.</span> <span class='ocrx_word' id='word_1_178' title='bbox 893 786 926 814; x_wconf 86' lang='lat' dir='ltr'>Iu</span> <span class='ocrx_word' id='word_1_179' title='bbox 949 783 1052 827; x_wconf 79' lang='lat' dir='ltr'>plantis</span> <span class='ocrx_word' id='word_1_180' title='bbox 1078 782 1115 813; x_wconf 81' lang='lat' dir='ltr'>sal</span> <span class='ocrx_word' id='word_1_181' title='bbox 1132 782 1177 813; x_wconf 87' lang='lat' dir='ltr'>vel</span> <span class='ocrx_word' id='word_1_182' title='bbox 1195 781 1313 823; x_wconf 72' lang='lat' dir='ltr'>simplex</span> 
     </span>
     <span class='ocr_line' id='line_1_17' title="bbox 72 826 1314 871; baseline -0.003 -12"><span class='ocrx_word' id='word_1_183' title='bbox 72 829 111 859; x_wconf 86' lang='lat' dir='ltr'>est</span> <span class='ocrx_word' id='word_1_184' title='bbox 130 851 139 864; x_wconf 86' lang='lat'><strong>,</strong></span> <span class='ocrx_word' id='word_1_185' title='bbox 163 828 210 860; x_wconf 91' lang='lat' dir='ltr'>vel</span> <span class='ocrx_word' id='word_1_186' title='bbox 234 832 348 861; x_wconf 82' lang='lat' dir='ltr'>mixtus.</span> <span class='ocrx_word' id='word_1_187' title='bbox 383 832 444 871; x_wconf 87' lang='lat' dir='ltr'>Qi</span> <span class='ocrx_word' id='word_1_188' title='bbox 467 828 482 859; x_wconf 67' lang='grc' dir='ltr'><strong>ὲ</strong></span> <span class='ocrx_word' id='word_1_189' title='bbox 507 830 657 871; x_wconf 83' lang='lat' dir='ltr'>Chymicis</span> <span class='ocrx_word' id='word_1_190' title='bbox 678 826 830 859; x_wconf 76' lang='lat' dir='ltr'>ess&#39;entialis</span> <span class='ocrx_word' id='word_1_191' title='bbox 856 831 1024 858; x_wconf 81' lang='lat' dir='ltr'>nominatur</span> <span class='ocrx_word' id='word_1_192' title='bbox 1045 852 1054 862; x_wconf 97' lang='lat'><em>,</em></span> <span class='ocrx_word' id='word_1_193' title='bbox 1082 829 1104 857; x_wconf 74' lang='lat' dir='ltr'>is</span> <span class='ocrx_word' id='word_1_194' title='bbox 1132 827 1257 857; x_wconf 58' lang='lat' dir='ltr'>maxine</span> <span class='ocrx_word' id='word_1_195' title='bbox 1276 826 1314 855; x_wconf 68' lang='lat' dir='ltr'>cst</span> 
     </span>
     <span class='ocr_line' id='line_1_18' title="bbox 73 869 1313 916; baseline -0.003 -14"><span class='ocrx_word' id='word_1_196' title='bbox 73 871 248 916; x_wconf 78' lang='lat' dir='ltr'>compositus</span> <span class='ocrx_word' id='word_1_197' title='bbox 271 895 280 908; x_wconf 94' lang='lat'>,</span> <span class='ocrx_word' id='word_1_198' title='bbox 317 884 368 904; x_wconf 87' lang='lat' dir='ltr'>nec</span> <span class='ocrx_word' id='word_1_199' title='bbox 398 877 551 915; x_wconf 69' lang='lat' dir='ltr'>quicquam</span> <span class='ocrx_word' id='word_1_200' title='bbox 574 871 651 903; x_wconf 81' lang='lat' dir='ltr'>aliud</span> <span class='ocrx_word' id='word_1_201' title='bbox 676 871 789 903; x_wconf 82' lang='lat' dir='ltr'>videtur</span> <span class='ocrx_word' id='word_1_202' title='bbox 812 869 865 901; x_wconf 77' lang='lat' dir='ltr'>effe</span> <span class='ocrx_word' id='word_1_203' title='bbox 888 881 990 914; x_wconf 81' lang='lat' dir='ltr'>praeter</span> <span class='ocrx_word' id='word_1_204' title='bbox 1010 881 1145 901; x_wconf 79' lang='lat' dir='ltr'>tartarum</span> <span class='ocrx_word' id='word_1_205' title='bbox 1167 869 1313 911; x_wconf 70' lang='lat' dir='ltr'>quoddam</span> 
     </span>
     <span class='ocr_line' id='line_1_19' title="bbox 75 912 1315 959; baseline -0.002 -14"><span class='ocrx_word' id='word_1_206' title='bbox 75 915 250 959; x_wconf 80' lang='lat' dir='ltr'>pellucidum</span> <span class='ocrx_word' id='word_1_207' title='bbox 275 919 304 947; x_wconf 63' lang='grc' dir='ltr'>δέ</span> <span class='ocrx_word' id='word_1_208' title='bbox 328 916 522 957; x_wconf 80' lang='lat' dir='ltr'>crystallinum</span> <span class='ocrx_word' id='word_1_209' title='bbox 541 939 551 952; x_wconf 87' lang='lat'><em>‚</em></span> <span class='ocrx_word' id='word_1_210' title='bbox 580 919 609 947; x_wconf 91' lang='lat' dir='ltr'>in</span> <span class='ocrx_word' id='word_1_211' title='bbox 629 926 688 957; x_wconf 93' lang='lat' dir='ltr'>quo</span> <span class='ocrx_word' id='word_1_212' title='bbox 716 913 810 946; x_wconf 80' lang='lat' dir='ltr'>insunt</span> <span class='ocrx_word' id='word_1_213' title='bbox 839 913 950 957; x_wconf 87' lang='lat' dir='ltr'>spiritus</span> <span class='ocrx_word' id='word_1_214' title='bbox 975 916 1004 944; x_wconf 87' lang='lat'>&amp;</span> <span class='ocrx_word' id='word_1_215' title='bbox 1034 913 1131 944; x_wconf 84' lang='lat' dir='ltr'>oleum</span> <span class='ocrx_word' id='word_1_216' title='bbox 1157 912 1315 956; x_wconf 76' lang='lat' dir='ltr'>phlegmati</span> 
     </span>
     <span class='ocr_line' id='line_1_20' title="bbox 76 955 1314 1001; baseline -0.002 -13"><span class='ocrx_word' id='word_1_217' title='bbox 76 958 211 990; x_wconf 85' lang='lat' dir='ltr'>nonnihil</span> <span class='ocrx_word' id='word_1_218' title='bbox 236 959 361 990; x_wconf 77' lang='lat' dir='ltr'>admista.</span> <span class='ocrx_word' id='word_1_219' title='bbox 389 958 434 989; x_wconf 79' lang='lat' dir='ltr'>Sal</span> <span class='ocrx_word' id='word_1_220' title='bbox 457 962 550 990; x_wconf 81' lang='lat' dir='ltr'>minus</span> <span class='ocrx_word' id='word_1_221' title='bbox 563 958 735 1001; x_wconf 75' lang='lat' dir='ltr'>compositus</span> <span class='ocrx_word' id='word_1_222' title='bbox 755 969 802 988; x_wconf 80' lang='lat' dir='ltr'>aut</span> <span class='ocrx_word' id='word_1_223' title='bbox 824 956 951 989; x_wconf 79' lang='lat' dir='ltr'>volatilis</span> <span class='ocrx_word' id='word_1_224' title='bbox 969 957 1007 987; x_wconf 85' lang='lat' dir='ltr'>est</span> <span class='ocrx_word' id='word_1_225' title='bbox 1023 979 1031 992; x_wconf 95' lang='lat'>‚</span> <span class='ocrx_word' id='word_1_226' title='bbox 1053 968 1098 987; x_wconf 85' lang='lat' dir='ltr'>aut</span> <span class='ocrx_word' id='word_1_227' title='bbox 1113 955 1185 986; x_wconf 80' lang='lat' dir='ltr'>fixus</span> <span class='ocrx_word' id='word_1_228' title='bbox 1205 967 1212 990; x_wconf 75' lang='lat'>3</span> <span class='ocrx_word' id='word_1_229' title='bbox 1232 955 1314 986; x_wconf 72' lang='lat' dir='ltr'>vola-</span> 
     </span>
     <span class='ocr_line' id='line_1_21' title="bbox 78 999 1315 1044; baseline -0.002 -12"><span class='ocrx_word' id='word_1_230' title='bbox 78 1000 135 1032; x_wconf 80' lang='lat' dir='ltr'>tilis</span> <span class='ocrx_word' id='word_1_231' title='bbox 155 1002 289 1033; x_wconf 88' lang='lat' dir='ltr'>nonnihil</span> <span class='ocrx_word' id='word_1_232' title='bbox 310 1014 389 1033; x_wconf 73' lang='lat' dir='ltr'>terra:</span> <span class='ocrx_word' id='word_1_233' title='bbox 412 1006 442 1033; x_wconf 88' lang='lat'>&amp;</span> <span class='ocrx_word' id='word_1_234' title='bbox 468 1002 525 1032; x_wconf 89' lang='lat' dir='ltr'>olei</span> <span class='ocrx_word' id='word_1_235' title='bbox 547 1005 648 1033; x_wconf 82' lang='lat' dir='ltr'>retinet</span> <span class='ocrx_word' id='word_1_236' title='bbox 668 1013 676 1036; x_wconf 91' lang='lat'>·,</span> <span class='ocrx_word' id='word_1_237' title='bbox 700 1005 729 1033; x_wconf 87' lang='lat' dir='ltr'>in</span> <span class='ocrx_word' id='word_1_238' title='bbox 749 1000 808 1031; x_wconf 83' lang='lat' dir='ltr'>fixo</span> <span class='ocrx_word' id='word_1_239' title='bbox 836 1000 899 1044; x_wconf 88' lang='lat' dir='ltr'>plus</span> <span class='ocrx_word' id='word_1_240' title='bbox 924 1001 992 1030; x_wconf 84' lang='lat' dir='ltr'>inest</span> <span class='ocrx_word' id='word_1_241' title='bbox 1015 1010 1115 1034; x_wconf 60' lang='lat' dir='ltr'>term,</span> <span class='ocrx_word' id='word_1_242' title='bbox 1145 1011 1195 1029; x_wconf 81' lang='lat' dir='ltr'>nce</span> <span class='ocrx_word' id='word_1_243' title='bbox 1214 999 1315 1029; x_wconf 80' lang='lat' dir='ltr'>desunt</span> 
     </span>
     <span class='ocr_line' id='line_1_22' title="bbox 79 1040 1315 1088; baseline -0.002 -14"><span class='ocrx_word' id='word_1_244' title='bbox 79 1055 174 1075; x_wconf 85' lang='lat' dir='ltr'>tamen</span> <span class='ocrx_word' id='word_1_245' title='bbox 185 1046 314 1088; x_wconf 70' lang='lat' dir='ltr'>quaedam</span> <span class='ocrx_word' id='word_1_246' title='bbox 334 1045 393 1076; x_wconf 88' lang='lat' dir='ltr'>olei</span> <span class='ocrx_word' id='word_1_247' title='bbox 411 1045 536 1088; x_wconf 75' lang='lat' dir='ltr'>teliquiae</span> <span class='ocrx_word' id='word_1_248' title='bbox 551 1067 560 1081; x_wconf 89' lang='lat'><em>,</em></span> <span class='ocrx_word' id='word_1_249' title='bbox 577 1045 654 1076; x_wconf 88' lang='lat' dir='ltr'>unde</span> <span class='ocrx_word' id='word_1_250' title='bbox 676 1045 797 1076; x_wconf 88' lang='lat' dir='ltr'>odotem</span> <span class='ocrx_word' id='word_1_251' title='bbox 817 1043 974 1074; x_wconf 81' lang='lat' dir='ltr'>lixivialern</span> <span class='ocrx_word' id='word_1_252' title='bbox 987 1054 1149 1074; x_wconf 74' lang='lat' dir='ltr'>mutuatur:</span> <span class='ocrx_word' id='word_1_253' title='bbox 1169 1040 1315 1085; x_wconf 71' lang='lat' dir='ltr'>simplicis-</span> 
     </span>
     <span class='ocr_line' id='line_1_23' title="bbox 79 1084 1316 1132; baseline -0.002 -14"><span class='ocrx_word' id='word_1_254' title='bbox 79 1087 164 1119; x_wconf 81' lang='lat' dir='ltr'>fimus</span> <span class='ocrx_word' id='word_1_255' title='bbox 187 1091 208 1119; x_wconf 85' lang='lat' dir='ltr'>is</span> <span class='ocrx_word' id='word_1_256' title='bbox 229 1089 267 1119; x_wconf 90' lang='lat' dir='ltr'>est</span> <span class='ocrx_word' id='word_1_257' title='bbox 288 1111 298 1124; x_wconf 90' lang='lat'>,</span> <span class='ocrx_word' id='word_1_258' title='bbox 325 1092 375 1131; x_wconf 87' lang='lat' dir='ltr'>qui</span> <span class='ocrx_word' id='word_1_259' title='bbox 404 1100 437 1119; x_wconf 86' lang='lat' dir='ltr'>ex</span> <span class='ocrx_word' id='word_1_260' title='bbox 458 1089 558 1120; x_wconf 79' lang='lat' dir='ltr'>ultima</span> <span class='ocrx_word' id='word_1_261' title='bbox 587 1086 692 1129; x_wconf 84' lang='lat' dir='ltr'>analyfi</span> <span class='ocrx_word' id='word_1_262' title='bbox 715 1086 831 1132; x_wconf 69' lang='lat' dir='ltr'>spiritus</span> <span class='ocrx_word' id='word_1_263' title='bbox 850 1109 860 1122; x_wconf 85' lang='lat'><em>‚</em></span> <span class='ocrx_word' id='word_1_264' title='bbox 879 1098 926 1118; x_wconf 81' lang='lat' dir='ltr'>aut</span> <span class='ocrx_word' id='word_1_265' title='bbox 952 1086 1032 1122; x_wconf 84' lang='lat' dir='ltr'>olei,</span> <span class='ocrx_word' id='word_1_266' title='bbox 1052 1097 1098 1117; x_wconf 80' lang='lat' dir='ltr'>aut</span> <span class='ocrx_word' id='word_1_267' title='bbox 1117 1085 1231 1116; x_wconf 79' lang='lat' dir='ltr'>alterius</span> <span class='ocrx_word' id='word_1_268' title='bbox 1254 1084 1316 1116; x_wconf 76' lang='lat' dir='ltr'>salis</span> 
     </span>
     <span class='ocr_line' id='line_1_24' title="bbox 79 1141 211 1174; baseline 0.015 -14"><span class='ocrx_word' id='word_1_269' title='bbox 79 1141 211 1174; x_wconf 78' lang='lat' dir='ltr'>emergit.</span> 
     </span>
    </p>

    <p class='ocr_par' dir='ltr' id='par_1_3' title="bbox 82 1171 1320 1391">
     <span class='ocr_line' id='line_1_25' title="bbox 125 1171 1318 1218; baseline -0.003 -13"><span class='ocrx_word' id='word_1_270' title='bbox 125 1177 152 1205; x_wconf 88' lang='lat' dir='ltr'>V</span> <span class='ocrx_word' id='word_1_271' title='bbox 167 1177 190 1206; x_wconf 86' lang='lat'>1.</span> <span class='ocrx_word' id='word_1_272' title='bbox 224 1176 292 1218; x_wconf 77' lang='lat' dir='ltr'>Jam</span> <span class='ocrx_word' id='word_1_273' title='bbox 310 1185 378 1205; x_wconf 86' lang='lat' dir='ltr'>vero</span> <span class='ocrx_word' id='word_1_274' title='bbox 399 1176 473 1217; x_wconf 84' lang='lat' dir='ltr'>ignis</span> <span class='ocrx_word' id='word_1_275' title='bbox 491 1174 585 1206; x_wconf 84' lang='lat' dir='ltr'>calore</span> <span class='ocrx_word' id='word_1_276' title='bbox 605 1186 659 1206; x_wconf 86' lang='lat' dir='ltr'>una</span> <span class='ocrx_word' id='word_1_277' title='bbox 682 1178 714 1206; x_wconf 75' lang='grc' dir='ltr'>δε</span> <span class='ocrx_word' id='word_1_278' title='bbox 736 1173 835 1205; x_wconf 83' lang='lat' dir='ltr'>eadem</span> <span class='ocrx_word' id='word_1_279' title='bbox 856 1185 943 1218; x_wconf 78' lang='lat' dir='ltr'>opera</span> <span class='ocrx_word' id='word_1_280' title='bbox 965 1171 1076 1216; x_wconf 84' lang='lat' dir='ltr'>spiritus</span> <span class='ocrx_word' id='word_1_281' title='bbox 1097 1183 1159 1202; x_wconf 84' lang='lat' dir='ltr'>acet</span> <span class='ocrx_word' id='word_1_282' title='bbox 1182 1183 1240 1201; x_wconf 91' lang='lat' dir='ltr'>non</span> <span class='ocrx_word' id='word_1_283' title='bbox 1269 1175 1318 1202; x_wconf 80' lang='lat' dir='ltr'>iu-</span> 
     </span>
     <span class='ocr_line' id='line_1_26' title="bbox 85 1214 1315 1262; baseline -0.003 -14"><span class='ocrx_word' id='word_1_284' title='bbox 85 1216 267 1248; x_wconf 67' lang='lat' dir='ltr'>flammabrlis</span> <span class='ocrx_word' id='word_1_285' title='bbox 282 1240 292 1252; x_wconf 87' lang='lat'><em>,</em></span> <span class='ocrx_word' id='word_1_286' title='bbox 317 1217 412 1248; x_wconf 83' lang='lat' dir='ltr'>acidus</span> <span class='ocrx_word' id='word_1_287' title='bbox 431 1229 547 1262; x_wconf 85' lang='lat' dir='ltr'>quoque</span> <span class='ocrx_word' id='word_1_288' title='bbox 570 1218 684 1260; x_wconf 90' lang='lat' dir='ltr'>liquor,</span> <span class='ocrx_word' id='word_1_289' title='bbox 706 1217 802 1248; x_wconf 88' lang='lat' dir='ltr'>oleum</span> <span class='ocrx_word' id='word_1_290' title='bbox 825 1220 929 1260; x_wconf 79' lang='lat' dir='ltr'>pingue</span> <span class='ocrx_word' id='word_1_291' title='bbox 946 1239 955 1252; x_wconf 88' lang='lat'>,</span> <span class='ocrx_word' id='word_1_292' title='bbox 978 1220 1038 1247; x_wconf 88' lang='lat' dir='ltr'>imo</span> <span class='ocrx_word' id='word_1_293' title='bbox 1059 1219 1089 1246; x_wconf 87' lang='lat'>&amp;</span> <span class='ocrx_word' id='word_1_294' title='bbox 1110 1214 1315 1250; x_wconf 69' lang='lat' dir='ltr'>balsamicum,</span> 
     </span>
     <span class='ocr_line' id='line_1_27' title="bbox 82 1257 1319 1305; baseline -0.002 -14"><span class='ocrx_word' id='word_1_295' title='bbox 82 1259 121 1291; x_wconf 81' lang='lat' dir='ltr'>sal</span> <span class='ocrx_word' id='word_1_296' title='bbox 141 1260 237 1291; x_wconf 81' lang='lat' dir='ltr'>itidem</span> <span class='ocrx_word' id='word_1_297' title='bbox 254 1260 379 1292; x_wconf 81' lang='lat' dir='ltr'>volatilis</span> <span class='ocrx_word' id='word_1_298' title='bbox 400 1273 454 1291; x_wconf 84' lang='lat' dir='ltr'>una</span> <span class='ocrx_word' id='word_1_299' title='bbox 473 1272 538 1292; x_wconf 82' lang='lat' dir='ltr'>cum</span> <span class='ocrx_word' id='word_1_300' title='bbox 564 1262 726 1305; x_wconf 79' lang='lat' dir='ltr'>phlegmate</span> <span class='ocrx_word' id='word_1_301' title='bbox 745 1261 930 1292; x_wconf 75' lang='lat' dir='ltr'>extrahuntur</span> <span class='ocrx_word' id='word_1_302' title='bbox 945 1284 954 1296; x_wconf 94' lang='lat'>,</span> <span class='ocrx_word' id='word_1_303' title='bbox 979 1271 1042 1301; x_wconf 81' lang='lat' dir='ltr'>quae</span> <span class='ocrx_word' id='word_1_304' title='bbox 1061 1259 1154 1302; x_wconf 83' lang='lat' dir='ltr'>postea</span> <span class='ocrx_word' id='word_1_305' title='bbox 1180 1270 1230 1301; x_wconf 83' lang='lat' dir='ltr'>pet</span> <span class='ocrx_word' id='word_1_306' title='bbox 1250 1257 1319 1288; x_wconf 70' lang='lat' dir='ltr'>alias</span> 
     </span>
     <span class='ocr_line' id='line_1_28' title="bbox 85 1302 1320 1348; baseline -0.002 -14"><span class='ocrx_word' id='word_1_307' title='bbox 85 1307 116 1334; x_wconf 87' lang='lat'>&amp;</span> <span class='ocrx_word' id='word_1_308' title='bbox 138 1303 260 1335; x_wconf 72' lang='lat' dir='ltr'>diversas</span> <span class='ocrx_word' id='word_1_309' title='bbox 283 1315 300 1333; x_wconf 92' lang='lat' dir='ltr'>o</span> <span class='ocrx_word' id='word_1_310' title='bbox 323 1306 462 1335; x_wconf 75' lang='lat' dir='ltr'>erationes</span> <span class='ocrx_word' id='word_1_311' title='bbox 483 1305 654 1348; x_wconf 82' lang='lat' dir='ltr'>separantur.</span> <span class='ocrx_word' id='word_1_312' title='bbox 688 1308 757 1344; x_wconf 87' lang='lat' dir='ltr'>Qo</span> <span class='ocrx_word' id='word_1_313' title='bbox 778 1304 807 1335; x_wconf 84' lang='lat' dir='ltr'>id</span> <span class='ocrx_word' id='word_1_314' title='bbox 827 1304 917 1335; x_wconf 89' lang='lat' dir='ltr'>modo</span> <span class='ocrx_word' id='word_1_315' title='bbox 939 1303 1001 1334; x_wconf 71' lang='lat' dir='ltr'>freti</span> <span class='ocrx_word' id='word_1_316' title='bbox 1019 1302 1103 1347; x_wconf 73' lang='lat' dir='ltr'>pollit</span> <span class='ocrx_word' id='word_1_317' title='bbox 1120 1313 1193 1334; x_wconf 88' lang='lat' dir='ltr'>nunc</span> <span class='ocrx_word' id='word_1_318' title='bbox 1207 1303 1320 1332; x_wconf 85' lang='lat' dir='ltr'>omitti-</span> 
     </span>
     <span class='ocr_line' id='line_1_29' title="bbox 85 1317 864 1391; baseline 0 -14"><span class='ocrx_word' id='word_1_319' title='bbox 85 1357 146 1378; x_wconf 81' lang='lat' dir='ltr'>mus</span> <span class='ocrx_word' id='word_1_320' title='bbox 169 1360 175 1378; x_wconf 77' lang='grc' dir='ltr'>ε</span> <span class='ocrx_word' id='word_1_321' title='bbox 201 1359 266 1378; x_wconf 73' lang='lat' dir='ltr'>narn</span> <span class='ocrx_word' id='word_1_322' title='bbox 284 1317 320 1378; x_wconf 59' lang='lat' dir='ltr'>ag</span> <span class='ocrx_word' id='word_1_323' title='bbox 337 1359 367 1378; x_wconf 84' lang='lat' dir='ltr'>ea</span> <span class='ocrx_word' id='word_1_324' title='bbox 382 1347 521 1378; x_wconf 85' lang='lat' dir='ltr'>methodo</span> <span class='ocrx_word' id='word_1_325' title='bbox 538 1350 631 1391; x_wconf 84' lang='lat' dir='ltr'>postea</span> <span class='ocrx_word' id='word_1_326' title='bbox 647 1347 795 1379; x_wconf 78' lang='lat' dir='ltr'>discess&#39;um</span> <span class='ocrx_word' id='word_1_327' title='bbox 817 1348 864 1378; x_wconf 86' lang='lat' dir='ltr'>est.</span> 
     </span>
    </p>

    <p class='ocr_par' dir='ltr' id='par_1_4' title="bbox 87 1387 1323 1693">
     <span class='ocr_line' id='line_1_30' title="bbox 129 1387 1320 1432; baseline -0.003 -11"><span class='ocrx_word' id='word_1_328' title='bbox 129 1392 224 1432; x_wconf 86' lang='lat' dir='ltr'>Atque</span> <span class='ocrx_word' id='word_1_329' title='bbox 252 1403 282 1421; x_wconf 84' lang='lat' dir='ltr'>ea</span> <span class='ocrx_word' id='word_1_330' title='bbox 304 1391 442 1422; x_wconf 80' lang='lat' dir='ltr'>methodo</span> <span class='ocrx_word' id='word_1_331' title='bbox 477 1392 518 1422; x_wconf 88' lang='lat' dir='ltr'>D.</span> <span class='ocrx_word' id='word_1_332' title='bbox 537 1391 694 1423; x_wconf 81' lang='lat' dir='ltr'>Bourdelin</span> <span class='ocrx_word' id='word_1_333' title='bbox 714 1415 722 1427; x_wconf 92' lang='lat'>‚</span> <span class='ocrx_word' id='word_1_334' title='bbox 748 1395 792 1422; x_wconf 89' lang='lat' dir='ltr'>cui</span> <span class='ocrx_word' id='word_1_335' title='bbox 809 1389 975 1422; x_wconf 73' lang='lat' dir='ltr'>laboratorii</span> <span class='ocrx_word' id='word_1_336' title='bbox 999 1401 1064 1420; x_wconf 80' lang='lat' dir='ltr'>cura</span> <span class='ocrx_word' id='word_1_337' title='bbox 1083 1400 1141 1420; x_wconf 71' lang='lat' dir='ltr'>erat</span> <span class='ocrx_word' id='word_1_338' title='bbox 1159 1387 1320 1419; x_wconf 79' lang='lat' dir='ltr'>demanda-</span> 
     </span>
     <span class='ocr_line' id='line_1_31' title="bbox 87 1432 1319 1478; baseline -0.001 -14"><span class='ocrx_word' id='word_1_339' title='bbox 87 1443 137 1468; x_wconf 84' lang='lat' dir='ltr'>ta,</span> <span class='ocrx_word' id='word_1_340' title='bbox 160 1432 269 1476; x_wconf 86' lang='lat' dir='ltr'>spiritus</span> <span class='ocrx_word' id='word_1_341' title='bbox 292 1445 353 1464; x_wconf 86' lang='lat' dir='ltr'>tum</span> <span class='ocrx_word' id='word_1_342' title='bbox 374 1434 538 1478; x_wconf 80' lang='lat' dir='ltr'>sulphureos</span> <span class='ocrx_word' id='word_1_343' title='bbox 553 1458 562 1471; x_wconf 87' lang='lat'><em>,</em></span> <span class='ocrx_word' id='word_1_344' title='bbox 585 1446 644 1467; x_wconf 88' lang='lat' dir='ltr'>turn</span> <span class='ocrx_word' id='word_1_345' title='bbox 673 1435 769 1466; x_wconf 76' lang='lat' dir='ltr'>acidos</span> <span class='ocrx_word' id='word_1_346' title='bbox 786 1459 794 1470; x_wconf 88' lang='lat'>,</span> <span class='ocrx_word' id='word_1_347' title='bbox 819 1433 882 1464; x_wconf 81' lang='lat' dir='ltr'>olea</span> <span class='ocrx_word' id='word_1_348' title='bbox 900 1444 1014 1476; x_wconf 86' lang='lat' dir='ltr'>quoque</span> <span class='ocrx_word' id='word_1_349' title='bbox 1039 1436 1069 1463; x_wconf 84' lang='lat'>&amp;</span> <span class='ocrx_word' id='word_1_350' title='bbox 1094 1432 1165 1463; x_wconf 74' lang='lat' dir='ltr'>sales</span> <span class='ocrx_word' id='word_1_351' title='bbox 1188 1435 1319 1463; x_wconf 73' lang='lat' dir='ltr'>extraxit.</span> 
     </span>
     <span class='ocr_line' id='line_1_32' title="bbox 88 1475 1319 1521; baseline -0.001 -15"><span class='ocrx_word' id='word_1_352' title='bbox 88 1478 163 1517; x_wconf 79' lang='lat' dir='ltr'>Qae</span> <span class='ocrx_word' id='word_1_353' title='bbox 179 1488 212 1507; x_wconf 86' lang='lat' dir='ltr'>ex</span> <span class='ocrx_word' id='word_1_354' title='bbox 233 1477 331 1507; x_wconf 75' lang='lat' dir='ltr'>eadem</span> <span class='ocrx_word' id='word_1_355' title='bbox 345 1477 439 1520; x_wconf 77' lang='lat' dir='ltr'>planta</span> <span class='ocrx_word' id='word_1_356' title='bbox 455 1478 623 1520; x_wconf 85' lang='lat' dir='ltr'>prodierunt</span> <span class='ocrx_word' id='word_1_357' title='bbox 643 1489 734 1521; x_wconf 84' lang='lat' dir='ltr'>partes</span> <span class='ocrx_word' id='word_1_358' title='bbox 746 1500 755 1513; x_wconf 90' lang='lat'><em>,</em></span> <span class='ocrx_word' id='word_1_359' title='bbox 772 1480 844 1517; x_wconf 81' lang='lat' dir='ltr'>inter</span> <span class='ocrx_word' id='word_1_360' title='bbox 858 1477 883 1508; x_wconf 85' lang='lat' dir='ltr'>se</span> <span class='ocrx_word' id='word_1_361' title='bbox 903 1476 1014 1508; x_wconf 71' lang='lat' dir='ltr'>collaxae</span> <span class='ocrx_word' id='word_1_362' title='bbox 1026 1499 1036 1512; x_wconf 87' lang='lat'><em>,</em></span> <span class='ocrx_word' id='word_1_363' title='bbox 1057 1487 1117 1506; x_wconf 83' lang='lat' dir='ltr'>tum</span> <span class='ocrx_word' id='word_1_364' title='bbox 1133 1475 1241 1506; x_wconf 80' lang='lat' dir='ltr'>eaedem</span> <span class='ocrx_word' id='word_1_365' title='bbox 1255 1486 1319 1505; x_wconf 86' lang='lat' dir='ltr'>cum</span> 
     </span>
     <span class='ocr_line' id='line_1_33' title="bbox 89 1518 1321 1565; baseline -0.001 -16"><span class='ocrx_word' id='word_1_366' title='bbox 89 1518 208 1550; x_wconf 83' lang='lat' dir='ltr'>aliatum</span> <span class='ocrx_word' id='word_1_367' title='bbox 225 1519 384 1560; x_wconf 78' lang='lat' dir='ltr'>plantatum</span> <span class='ocrx_word' id='word_1_368' title='bbox 407 1520 565 1562; x_wconf 74' lang='lat' dir='ltr'>liquoiibus</span> <span class='ocrx_word' id='word_1_369' title='bbox 581 1521 642 1552; x_wconf 88' lang='lat' dir='ltr'>sunt</span> <span class='ocrx_word' id='word_1_370' title='bbox 655 1532 824 1565; x_wconf 69' lang='lat' dir='ltr'>comparatae</span> <span class='ocrx_word' id='word_1_371' title='bbox 839 1543 847 1555; x_wconf 83' lang='lat'>‚</span> <span class='ocrx_word' id='word_1_372' title='bbox 869 1531 899 1551; x_wconf 89' lang='lat' dir='ltr'>ut</span> <span class='ocrx_word' id='word_1_373' title='bbox 916 1523 1048 1550; x_wconf 89' lang='lat' dir='ltr'>omniurn</span> <span class='ocrx_word' id='word_1_374' title='bbox 1061 1518 1141 1549; x_wconf 80' lang='lat' dir='ltr'>dotes</span> <span class='ocrx_word' id='word_1_375' title='bbox 1154 1541 1163 1554; x_wconf 90' lang='lat'><em>,</em></span> <span class='ocrx_word' id='word_1_376' title='bbox 1183 1530 1321 1560; x_wconf 77' lang='lat' dir='ltr'>quantum</span> 
     </span>
     <span class='ocr_line' id='line_1_34' title="bbox 91 1561 1323 1607; baseline -0.002 -14"><span class='ocrx_word' id='word_1_377' title='bbox 91 1561 156 1593; x_wconf 86' lang='lat' dir='ltr'>fieri</span> <span class='ocrx_word' id='word_1_378' title='bbox 177 1563 287 1607; x_wconf 72' lang='lat' dir='ltr'>posset,</span> <span class='ocrx_word' id='word_1_379' title='bbox 309 1563 461 1607; x_wconf 57' lang='lat' dir='ltr'>perspecta:</span> <span class='ocrx_word' id='word_1_380' title='bbox 478 1565 648 1596; x_wconf 72' lang='lat' dir='ltr'>haberentur</span> <span class='ocrx_word' id='word_1_381' title='bbox 666 1591 674 1601; x_wconf 87' lang='lat'>‚</span> <span class='ocrx_word' id='word_1_382' title='bbox 693 1564 775 1596; x_wconf 83' lang='lat' dir='ltr'>simul</span> <span class='ocrx_word' id='word_1_383' title='bbox 791 1568 818 1595; x_wconf 92' lang='lat' dir='ltr'>in</span> <span class='ocrx_word' id='word_1_384' title='bbox 840 1563 942 1605; x_wconf 89' lang='lat' dir='ltr'>quibus</span> <span class='ocrx_word' id='word_1_385' title='bbox 965 1565 1151 1594; x_wconf 82' lang='lat' dir='ltr'>convenirent</span> <span class='ocrx_word' id='word_1_386' title='bbox 1167 1584 1176 1597; x_wconf 90' lang='lat'>,</span> <span class='ocrx_word' id='word_1_387' title='bbox 1195 1573 1240 1592; x_wconf 79' lang='lat' dir='ltr'>aut</span> <span class='ocrx_word' id='word_1_388' title='bbox 1263 1562 1323 1592; x_wconf 88' lang='lat' dir='ltr'>dis-</span> 
     </span>
     <span class='ocr_line' id='line_1_35' title="bbox 91 1605 1323 1650; baseline -0.002 -13"><span class='ocrx_word' id='word_1_389' title='bbox 91 1617 238 1649; x_wconf 79' lang='lat' dir='ltr'>creparent</span> <span class='ocrx_word' id='word_1_390' title='bbox 258 1629 268 1642; x_wconf 90' lang='lat'><em>,</em></span> <span class='ocrx_word' id='word_1_391' title='bbox 293 1607 489 1641; x_wconf 86' lang='lat' dir='ltr'>innotesceret.</span> <span class='ocrx_word' id='word_1_392' title='bbox 515 1610 611 1650; x_wconf 85' lang='lat' dir='ltr'>Atque</span> <span class='ocrx_word' id='word_1_393' title='bbox 635 1620 669 1639; x_wconf 90' lang='lat' dir='ltr'>co</span> <span class='ocrx_word' id='word_1_394' title='bbox 691 1620 766 1639; x_wconf 86' lang='lat' dir='ltr'>anno</span> <span class='ocrx_word' id='word_1_395' title='bbox 784 1619 821 1646; x_wconf 71' lang='lat'>4:</span> <span class='ocrx_word' id='word_1_396' title='bbox 837 1606 1000 1650; x_wconf 84' lang='lat' dir='ltr'>plantarum</span> <span class='ocrx_word' id='word_1_397' title='bbox 1019 1605 1138 1648; x_wconf 76' lang='lat' dir='ltr'>analyfis</span> <span class='ocrx_word' id='word_1_398' title='bbox 1155 1617 1186 1635; x_wconf 72' lang='lat' dir='ltr'>ea</span> <span class='ocrx_word' id='word_1_399' title='bbox 1214 1608 1323 1636; x_wconf 85' lang='lat' dir='ltr'>ratione</span> 
     </span>
     <span class='ocr_line' id='line_1_36' title="bbox 91 1649 290 1693; baseline 0.005 -13"><span class='ocrx_word' id='word_1_400' title='bbox 91 1649 218 1693; x_wconf 56' lang='lat' dir='ltr'>perfecta</span> <span class='ocrx_word' id='word_1_401' title='bbox 243 1650 290 1682; x_wconf 86' lang='lat' dir='ltr'>est.</span> 
     </span>
    </p>

    <p class='ocr_par' dir='ltr' id='par_1_5' title="bbox 94 1691 1327 1912">
     <span class='ocr_line' id='line_1_37' title="bbox 138 1691 1322 1738; baseline -0.001 -15"><span class='ocrx_word' id='word_1_402' title='bbox 138 1695 216 1724; x_wconf 86' lang='lat' dir='ltr'>Hinc</span> <span class='ocrx_word' id='word_1_403' title='bbox 233 1692 446 1734; x_wconf 56' lang='lat' dir='ltr'>adeofsolennis</span> <span class='ocrx_word' id='word_1_404' title='bbox 461 1692 512 1724; x_wconf 73' lang='lat' dir='ltr'>illa</span> <span class='ocrx_word' id='word_1_405' title='bbox 521 1694 638 1736; x_wconf 78' lang='lat' dir='ltr'>quaestio</span> <span class='ocrx_word' id='word_1_406' title='bbox 653 1695 707 1726; x_wconf 87' lang='lat' dir='ltr'>fuit</span> <span class='ocrx_word' id='word_1_407' title='bbox 726 1697 826 1738; x_wconf 78' lang='lat' dir='ltr'>agitata</span> <span class='ocrx_word' id='word_1_408' title='bbox 840 1716 849 1729; x_wconf 92' lang='lat'><strong>,</strong></span> <span class='ocrx_word' id='word_1_409' title='bbox 872 1704 966 1726; x_wconf 83' lang='lat' dir='ltr'>utrum</span> <span class='ocrx_word' id='word_1_410' title='bbox 986 1697 1058 1737; x_wconf 81' lang='lat' dir='ltr'>ignis</span> <span class='ocrx_word' id='word_1_411' title='bbox 1079 1704 1137 1725; x_wconf 90' lang='lat' dir='ltr'>non</span> <span class='ocrx_word' id='word_1_412' title='bbox 1148 1691 1224 1723; x_wconf 87' lang='lat' dir='ltr'>aliud</span> <span class='ocrx_word' id='word_1_413' title='bbox 1238 1704 1322 1735; x_wconf 72' lang='lat' dir='ltr'>quam</span> 
     </span>
     <span class='ocr_line' id='line_1_38' title="bbox 94 1735 1324 1780; baseline 0 -14"><span class='ocrx_word' id='word_1_414' title='bbox 94 1735 217 1767; x_wconf 76' lang='lat' dir='ltr'>diversas</span> <span class='ocrx_word' id='word_1_415' title='bbox 243 1737 404 1780; x_wconf 78' lang='lat' dir='ltr'>plantarum</span> <span class='ocrx_word' id='word_1_416' title='bbox 425 1737 588 1769; x_wconf 79' lang='lat' dir='ltr'>substantias</span> <span class='ocrx_word' id='word_1_417' title='bbox 601 1764 609 1777; x_wconf 90' lang='lat'>,</span> <span class='ocrx_word' id='word_1_418' title='bbox 636 1750 697 1780; x_wconf 69' lang='lat' dir='ltr'>quae</span> <span class='ocrx_word' id='word_1_419' title='bbox 716 1741 780 1769; x_wconf 58' lang='lat' dir='ltr'>actu</span> <span class='ocrx_word' id='word_1_420' title='bbox 797 1741 930 1772; x_wconf 75' lang='lat' dir='ltr'>inerant,</span> <span class='ocrx_word' id='word_1_421' title='bbox 954 1737 1109 1780; x_wconf 62' lang='lat' dir='ltr'>disjundhs</span> <span class='ocrx_word' id='word_1_422' title='bbox 1131 1736 1236 1778; x_wconf 73' lang='lat' dir='ltr'>separet</span> <span class='ocrx_word' id='word_1_423' title='bbox 1256 1748 1263 1770; x_wconf 92' lang='lat'>·,</span> <span class='ocrx_word' id='word_1_424' title='bbox 1290 1748 1324 1766; x_wconf 79' lang='lat' dir='ltr'>an</span> 
     </span>
     <span class='ocr_line' id='line_1_39' title="bbox 97 1779 1325 1822; baseline 0 -13"><span class='ocrx_word' id='word_1_425' title='bbox 97 1789 185 1810; x_wconf 88' lang='lat' dir='ltr'>novas</span> <span class='ocrx_word' id='word_1_426' title='bbox 202 1791 339 1822; x_wconf 86' lang='lat' dir='ltr'>procreet.</span> <span class='ocrx_word' id='word_1_427' title='bbox 369 1780 444 1812; x_wconf 74' lang='lat' dir='ltr'>Aliis</span> <span class='ocrx_word' id='word_1_428' title='bbox 463 1780 539 1811; x_wconf 76' lang='lat' dir='ltr'>aliud</span> <span class='ocrx_word' id='word_1_429' title='bbox 551 1804 559 1816; x_wconf 91' lang='lat'><em>‚</em></span> <span class='ocrx_word' id='word_1_430' title='bbox 578 1793 609 1813; x_wconf 91' lang='lat' dir='ltr'>ut</span> <span class='ocrx_word' id='word_1_431' title='bbox 625 1781 672 1818; x_wconf 87' lang='lat' dir='ltr'>fit,</span> <span class='ocrx_word' id='word_1_432' title='bbox 688 1781 842 1814; x_wconf 75' lang='lat' dir='ltr'>videbatur.</span> <span class='ocrx_word' id='word_1_433' title='bbox 872 1782 939 1812; x_wconf 86' lang='lat' dir='ltr'>Nec</span> <span class='ocrx_word' id='word_1_434' title='bbox 958 1779 1042 1812; x_wconf 82' lang='lat' dir='ltr'>facile</span> <span class='ocrx_word' id='word_1_435' title='bbox 1062 1792 1120 1813; x_wconf 84' lang='lat' dir='ltr'>ctat</span> <span class='ocrx_word' id='word_1_436' title='bbox 1136 1791 1197 1810; x_wconf 82' lang='lat' dir='ltr'>cam</span> <span class='ocrx_word' id='word_1_437' title='bbox 1209 1791 1325 1811; x_wconf 81' lang='lat' dir='ltr'>contro-</span> 
     </span>
     <span class='ocr_line' id='line_1_40' title="bbox 97 1821 1327 1868; baseline 0.002 -17"><span class='ocrx_word' id='word_1_438' title='bbox 97 1821 216 1853; x_wconf 77' lang='lat' dir='ltr'>versiam</span> <span class='ocrx_word' id='word_1_439' title='bbox 231 1823 385 1863; x_wconf 80' lang='lat' dir='ltr'>dijudicate</span> <span class='ocrx_word' id='word_1_440' title='bbox 397 1847 405 1859; x_wconf 95' lang='lat'>‚</span> <span class='ocrx_word' id='word_1_441' title='bbox 425 1824 459 1855; x_wconf 89' lang='lat' dir='ltr'>de</span> <span class='ocrx_word' id='word_1_442' title='bbox 478 1834 532 1866; x_wconf 73' lang='lat' dir='ltr'>qua</span> <span class='ocrx_word' id='word_1_443' title='bbox 555 1829 725 1856; x_wconf 85' lang='lat' dir='ltr'>recentiores</span> <span class='ocrx_word' id='word_1_444' title='bbox 741 1824 910 1868; x_wconf 83' lang='lat' dir='ltr'>Philosophi</span> <span class='ocrx_word' id='word_1_445' title='bbox 930 1827 960 1855; x_wconf 91' lang='lat'>&amp;</span> <span class='ocrx_word' id='word_1_446' title='bbox 976 1825 1113 1866; x_wconf 87' lang='lat' dir='ltr'>Chymici</span> <span class='ocrx_word' id='word_1_447' title='bbox 1133 1823 1216 1855; x_wconf 71' lang='lat' dir='ltr'>fufius</span> <span class='ocrx_word' id='word_1_448' title='bbox 1230 1824 1327 1866; x_wconf 72' lang='lat' dir='ltr'>dispu-</span> 
     </span>
     <span class='ocr_line' id='line_1_41' title="bbox 100 1867 1327 1912; baseline 0.002 -17"><span class='ocrx_word' id='word_1_449' title='bbox 100 1875 205 1896; x_wconf 78' lang='lat' dir='ltr'>tarunt.</span> <span class='ocrx_word' id='word_1_450' title='bbox 236 1867 338 1908; x_wconf 86' lang='lat' dir='ltr'>Neque</span> <span class='ocrx_word' id='word_1_451' title='bbox 357 1879 388 1898; x_wconf 84' lang='lat' dir='ltr'>ea</span> <span class='ocrx_word' id='word_1_452' title='bbox 405 1868 492 1898; x_wconf 80' lang='lat' dir='ltr'>nostri</span> <span class='ocrx_word' id='word_1_453' title='bbox 512 1869 550 1898; x_wconf 87' lang='lat' dir='ltr'>est</span> <span class='ocrx_word' id='word_1_454' title='bbox 571 1869 688 1900; x_wconf 79' lang='lat' dir='ltr'>instituti</span> <span class='ocrx_word' id='word_1_455' title='bbox 711 1892 721 1905; x_wconf 87' lang='lat'><em>,</em></span> <span class='ocrx_word' id='word_1_456' title='bbox 746 1871 794 1912; x_wconf 86' lang='lat' dir='ltr'>qui</span> <span class='ocrx_word' id='word_1_457' title='bbox 825 1867 898 1899; x_wconf 57' lang='lat' dir='ltr'>fact-1</span> <span class='ocrx_word' id='word_1_458' title='bbox 920 1872 1010 1911; x_wconf 81' lang='lat' dir='ltr'>magis</span> <span class='ocrx_word' id='word_1_459' title='bbox 1033 1872 1064 1899; x_wconf 71' lang='lat' dir='ltr'>«Sc</span> <span class='ocrx_word' id='word_1_460' title='bbox 1088 1872 1204 1899; x_wconf 76' lang='lat' dir='ltr'>inventa</span> <span class='ocrx_word' id='word_1_461' title='bbox 1230 1869 1327 1909; x_wconf 70' lang='lat' dir='ltr'>generi</span> 
     </span>
    </p>
   </div>
   <div class='ocr_carea' id='block_1_2' title="bbox 98 1908 1328 1984">
    <p class='ocr_par' dir='ltr' id='par_1_6' title="bbox 98 1908 1328 1984">
     <span class='ocr_line' id='line_1_42' title="bbox 98 1908 1328 1982; baseline 0 -43"><span class='ocrx_word' id='word_1_462' title='bbox 98 1908 227 1982; x_wconf 55' lang='lat' dir='ltr'>gumano</span> <span class='ocrx_word' id='word_1_463' title='bbox 243 1909 323 1941; x_wconf 81' lang='lat' dir='ltr'>utilia</span> <span class='ocrx_word' id='word_1_464' title='bbox 337 1910 465 1955; x_wconf 86' lang='lat' dir='ltr'>persequi</span> <span class='ocrx_word' id='word_1_465' title='bbox 486 1911 642 1948; x_wconf 79' lang='lat' dir='ltr'>volumus,</span> <span class='ocrx_word' id='word_1_466' title='bbox 668 1924 754 1956; x_wconf 84' lang='lat' dir='ltr'>quarn</span> <span class='ocrx_word' id='word_1_467' title='bbox 776 1911 980 1945; x_wconf 68' lang='lat' dir='ltr'>controversus</span> <span class='ocrx_word' id='word_1_468' title='bbox 1003 1915 1033 1943; x_wconf 81' lang='lat' dir='ltr'>in</span> <span class='ocrx_word' id='word_1_469' title='bbox 1058 1911 1161 1943; x_wconf 84' lang='lat' dir='ltr'>scholis</span> <span class='ocrx_word' id='word_1_470' title='bbox 1182 1909 1328 1942; x_wconf 65' lang='lat' dir='ltr'>ventilatas</span> 
     </span>
     <span class='ocr_line' id='line_1_43' title="bbox 123 1964 246 1984; baseline 0.008 -2"><span class='ocrx_word' id='word_1_471' title='bbox 123 1964 246 1984; x_wconf 74' lang='lat' dir='ltr'>lrlmere.</span> 
     </span>
    </p>
   </div>
   <div class='ocr_carea' id='block_1_3' title="bbox 102 1996 1333 2168">
    <p class='ocr_par' dir='ltr' id='par_1_7' title="bbox 102 1996 1333 2168">
     <span class='ocr_line' id='line_1_44' title="bbox 143 1996 1330 2041; baseline 0.001 -15"><span class='ocrx_word' id='word_1_472' title='bbox 143 1998 177 2026; x_wconf 90' lang='lat' dir='ltr'>In</span> <span class='ocrx_word' id='word_1_473' title='bbox 196 2008 233 2027; x_wconf 86' lang='lat' dir='ltr'>eo</span> <span class='ocrx_word' id='word_1_474' title='bbox 259 1996 341 2026; x_wconf 89' lang='lat' dir='ltr'>censu</span> <span class='ocrx_word' id='word_1_475' title='bbox 364 2008 457 2028; x_wconf 87' lang='lat' dir='ltr'>retum</span> <span class='ocrx_word' id='word_1_476' title='bbox 481 1996 593 2029; x_wconf 84' lang='lat' dir='ltr'>utilium</span> <span class='ocrx_word' id='word_1_477' title='bbox 612 1997 729 2039; x_wconf 77' lang='lat' dir='ltr'>analysis</span> <span class='ocrx_word' id='word_1_478' title='bbox 751 2009 887 2041; x_wconf 78' lang='lat' dir='ltr'>aquatum</span> <span class='ocrx_word' id='word_1_479' title='bbox 913 1999 1094 2030; x_wconf 79' lang='lat' dir='ltr'>mineraliurn</span> <span class='ocrx_word' id='word_1_480' title='bbox 1118 1997 1230 2028; x_wconf 78' lang='lat' dir='ltr'>videtur</span> <span class='ocrx_word' id='word_1_481' title='bbox 1248 2008 1330 2040; x_wconf 82' lang='lat' dir='ltr'>repo.</span> 
     </span>
     <span class='ocr_line' id='line_1_45' title="bbox 102 2039 1331 2085; baseline 0.002 -16"><span class='ocrx_word' id='word_1_482' title='bbox 102 2039 195 2070; x_wconf 79' lang='lat' dir='ltr'>nenda</span> <span class='ocrx_word' id='word_1_483' title='bbox 211 2062 221 2075; x_wconf 92' lang='lat'><strong><em>,</em></strong></span> <span class='ocrx_word' id='word_1_484' title='bbox 241 2039 276 2070; x_wconf 87' lang='lat' dir='ltr'>de</span> <span class='ocrx_word' id='word_1_485' title='bbox 297 2051 351 2081; x_wconf 82' lang='lat' dir='ltr'>qua</span> <span class='ocrx_word' id='word_1_486' title='bbox 370 2040 432 2070; x_wconf 80' lang='lat' dir='ltr'>satis</span> <span class='ocrx_word' id='word_1_487' title='bbox 455 2040 568 2084; x_wconf 83' lang='lat' dir='ltr'>copiose</span> <span class='ocrx_word' id='word_1_488' title='bbox 590 2040 669 2085; x_wconf 79' lang='lat' dir='ltr'>supra</span> <span class='ocrx_word' id='word_1_489' title='bbox 692 2045 810 2084; x_wconf 73' lang='lat' dir='ltr'>egimus.</span> <span class='ocrx_word' id='word_1_490' title='bbox 847 2045 915 2074; x_wconf 88' lang='lat' dir='ltr'>Hoc</span> <span class='ocrx_word' id='word_1_491' title='bbox 936 2054 1005 2073; x_wconf 88' lang='lat' dir='ltr'>veto</span> <span class='ocrx_word' id='word_1_492' title='bbox 1021 2054 1095 2073; x_wconf 79' lang='lat' dir='ltr'>anno</span> <span class='ocrx_word' id='word_1_493' title='bbox 1121 2045 1150 2071; x_wconf 71' lang='grc' dir='ltr'>δε</span> <span class='ocrx_word' id='word_1_494' title='bbox 1171 2039 1331 2082; x_wconf 80' lang='lat' dir='ltr'>insequenti</span> 
     </span>
     <span class='ocr_line' id='line_1_46' title="bbox 102 2083 1330 2127; baseline 0.001 -15"><span class='ocrx_word' id='word_1_495' title='bbox 102 2083 321 2125; x_wconf 77' lang='lat' dir='ltr'>quamplurimae</span> <span class='ocrx_word' id='word_1_496' title='bbox 345 2094 379 2113; x_wconf 80' lang='lat' dir='ltr'>cx</span> <span class='ocrx_word' id='word_1_497' title='bbox 405 2085 559 2127; x_wconf 70' lang='lat' dir='ltr'>Aquitania</span> <span class='ocrx_word' id='word_1_498' title='bbox 581 2107 590 2120; x_wconf 90' lang='lat'><em>‚</em></span> <span class='ocrx_word' id='word_1_499' title='bbox 617 2087 770 2116; x_wconf 78' lang='lat' dir='ltr'>Occitania</span> <span class='ocrx_word' id='word_1_500' title='bbox 789 2107 798 2120; x_wconf 94' lang='lat'><em>‚</em></span> <span class='ocrx_word' id='word_1_501' title='bbox 821 2087 964 2117; x_wconf 79' lang='lat' dir='ltr'>Arvernia</span> <span class='ocrx_word' id='word_1_502' title='bbox 984 2109 993 2121; x_wconf 87' lang='lat'>‚</span> <span class='ocrx_word' id='word_1_503' title='bbox 1016 2097 1049 2116; x_wconf 86' lang='lat' dir='ltr'>cx</span> <span class='ocrx_word' id='word_1_504' title='bbox 1075 2084 1246 2115; x_wconf 79' lang='lat' dir='ltr'>Nivcrncnfi</span> <span class='ocrx_word' id='word_1_505' title='bbox 1264 2107 1272 2118; x_wconf 92' lang='lat'><em>,</em></span> <span class='ocrx_word' id='word_1_506' title='bbox 1299 2087 1330 2114; x_wconf 71' lang='grc' dir='ltr'>δε</span> 
     </span>
     <span class='ocr_line' id='line_1_47' title="bbox 106 2126 1333 2168; baseline 0.002 -11"><span class='ocrx_word' id='word_1_507' title='bbox 106 2126 255 2159; x_wconf 77' lang='lat' dir='ltr'>Borbonio</span> <span class='ocrx_word' id='word_1_508' title='bbox 274 2129 365 2160; x_wconf 52' lang='lat' dir='ltr'>transtu</span> <span class='ocrx_word' id='word_1_509' title='bbox 382 2149 394 2163; x_wconf 91' lang='lat'><em>,</em></span> <span class='ocrx_word' id='word_1_510' title='bbox 422 2127 440 2159; x_wconf 83' lang='grc' dir='ltr'>ὲ</span> <span class='ocrx_word' id='word_1_511' title='bbox 466 2127 655 2160; x_wconf 62' lang='lat' dir='ltr'>Sati&amp;0nibus</span> <span class='ocrx_word' id='word_1_512' title='bbox 675 2151 686 2166; x_wconf 92' lang='lat'><em>‚</em></span> <span class='ocrx_word' id='word_1_513' title='bbox 715 2129 839 2161; x_wconf 60' lang='lat' dir='ltr'>Pictavis</span> <span class='ocrx_word' id='word_1_514' title='bbox 860 2151 871 2165; x_wconf 94' lang='lat'><em>,</em></span> <span class='ocrx_word' id='word_1_515' title='bbox 895 2130 1046 2168; x_wconf 85' lang='lat' dir='ltr'>Andinis,</span> <span class='ocrx_word' id='word_1_516' title='bbox 1073 2126 1242 2159; x_wconf 70' lang='lat' dir='ltr'>Tui-onibus</span> <span class='ocrx_word' id='word_1_517' title='bbox 1261 2150 1270 2163; x_wconf 80' lang='lat'><em>,</em></span> <span class='ocrx_word' id='word_1_518' title='bbox 1298 2138 1333 2158; x_wconf 77' lang='lat' dir='ltr'>ex</span> 
     </span>
    </p>
   </div>
   <div class='ocr_carea' id='block_1_4' title="bbox 1107 2172 1144 2201">
    <p class='ocr_par' dir='ltr' id='par_1_8' title="bbox 1107 2172 1144 2201">
     <span class='ocr_line' id='line_1_48' title="bbox 1107 2172 1144 2201; baseline 0 0"><span class='ocrx_word' id='word_1_519' title='bbox 1107 2172 1144 2201; x_wconf 91' lang='lat' dir='ltr'>M</span> 
     </span>
    </p>
   </div>
  </div>
 </body>
</html>
