1638 2345
315 146 628 179 'ACADEMIAE
673 145 965 179 HISTORIA.
999 143 1138 177 L1n.1.
1260 145 1301 183 87

70 188 159 230 §uam
183 198 217 219 ex
229 187 288 219 alto
306 188 441 221 decidens
459 202 488 223 η
510 190 596 233 pedes
621 194 784 235 percurrit,
809 190 992 223 velocitatem
1010 190 1087 220 suam
1107 198 1166 218 non
1185 199 1297 230 augere,
1335 187 1392 235 De-

71 229 119 262 sed
135 230 267 273 aequabili
289 243 370 264 motu
383 233 478 265 delabi
498 233 557 264 visa
577 235 625 266 est.
650 236 748 276 Hujus
765 236 876 277 generis
901 235 1095 276 experimenta
1114 230 1176 266 sunt
1191 230 1294 262 facien·
1306 241 1400 273 gravi·

69 272 107 304 da
130 276 159 305 in
179 274 243 306 loco
262 273 357 306 clauso
379 279 410 308 &
432 280 470 309 ita
487 276 623 319 disposito
638 299 647 313 ,
671 289 703 309 ut
725 280 756 309 in
776 276 893 309 diverfis
905 274 1074 307 stationibus
1099 273 1181 304 liceat
1202 274 1292 304 consi.
1309 282 1375 303 tate.

69 316 158 352 stete,
181 318 240 360 quo
263 318 392 350 tranfitus
416 331 571 364 corporum
590 320 711 352 discerni
728 331 824 363 queat,
849 322 959 351 Locum
979 322 1009 350 in
1032 330 1094 349 eam
1108 329 1169 348 rem
1190 317 1296 361 selege-

69 369 112 390 rat
133 371 171 402 50
186 361 291 404 pedum
305 361 406 393 altum.

106 402 184 433 Illud
204 415 319 446 quoque
338 404 374 435 ab
390 404 492 435 eodem
510 408 573 436 viro
591 406 693 438 clariff.
720 406 903 438 observatum
928 416 1050 448 corpora
1072 406 1157 434 etiam
1189 404 1296 434 leviora

66 444 119 476 sub
134 444 283 477 descensus
304 450 419 478 initium
431 459 490 478 non
505 449 611 480 tardius
625 450 756 482 decidere
766 473 775 486 ,
795 449 883 492 quim
897 451 1029 492 graviora
1046 458 1164 490 quaeque
1177 470 1185 482 ,
1204 458 1297 488 qfflm-

66 487 130 520 ttlrn
152 500 186 519 ex
211 489 272 522 visu
297 493 327 521 &
351 491 448 522 auditu
474 490 553 523 licuit
566 496 730 535 conjicere:
751 505 810 524 non
825 496 903 524 enini
922 497 995 524 inter
1021 491 1134 533 globuli
1154 489 1296 521 medulla-

67 534 106 562 tis
127 535 207 572 cujus
223 536 399 565 mentionem
418 533 556 571 fecimus,
576 539 607 567 &
630 536 759 580 plumbei
785 536 913 579 ejusdem
948 534 1033 566 molis
1056 533 1221 564 descensum
1243 532 1297 563 dif-

67 573 216 647 fezentiam
228 579 321 619 potuit
348 577 494 609 advertere
505 600 514 614 ,
526 589 594 610 cum
605 591 640 610 ex
661 594 681 620 4
701 591 747 611 aut
769 594 794 623 5.
816 579 923 622 pedum
935 578 1086 610 altitudine
1101 575 1183 607 simul
1195 577 1295 608 demit-

69 627 96 648 te
119 628 156 648 at.

98 662 218 692 XVIII.
246 664 287 693 Ex
303 662 407 704 quibus
428 662 500 694 illud
524 663 677 709 colligebat
698 664 873 696 celeritatem
891 662 1039 694 descensus
1054 673 1113 692 non
1136 662 1245 706 semper
1260 674 1295 693 ex

64 702 202 745 ponderis
221 717 373 748 augmento
398 707 493 750 sequi,
512 706 563 738 nisi
587 720 652 739 cum
675 711 748 739 a'e'tis
775 707 925 739 resistentia
950 716 1062 736 motum
1086 709 1214 747 corporis
1236 717 1296 736 non

64 746 248 779 mediocriter
270 749 392 780 retardat
411 762 419 785 3
436 751 516 780 aucta
536 755 613 783 enim
636 751 777 782 celeritate
790 750 888 782 motus
908 772 917 785 ,
933 751 982 780 ae'r
1002 747 1084 778 simul
1102 748 1141 778 sui
1161 748 1296 780 divisioni

63 787 193 825 obsistit,
213 802 275 833 quae
292 791 441 824 refistemia
462 793 576 825 tandem
596 793 629 825 fit
642 793 779 826 sensibilis
800 817 808 830 ,
825 804 943 836 tumque
958 792 1036 834 quod
1053 791 1143 821 levius
1162 792 1200 822 est
1214 818 1222 830 ,
1237 803 1296 822 tar-

63 830 140 863 diori
162 844 244 864 motu
262 834 392 870 decidit,
419 839 450 867 &a
476 848 577 879 corpus
595 841 713 878 majoris
732 837 867 881 ponderis
887 848 921 865 ex
943 835 1044 866 eadem
1068 833 1219 865 altitudine
1246 835 1295 865 ἀει

63 873 172 918 lapsum
188 875 299 908 facilius
313 881 409 910 vincet
422 890 484 910 eam
504 882 577 911 aEris
598 881 778 912 resistentiam
797 891 852 924 qua
869 877 1004 910 divisioni
1020 888 1077 909 tam
1093 876 1179 908 celeri
1194 877 1296 914 obstat,

62 928 127 960 quae
148 923 244 962 utique
259 921 351 951 adhuc
369 922 407 952 est
426 934 497 965 pene
518 923 699 955 insensibilis.

109 963 188 993 Cum
207 962 328 1005 globum
355 965 523 1008 plumbeum
561 979 616 998 una
640 978 707 998 cum
740 967 838 1009 ligneo
861 965 989 1008 ejusdem
1012 963 1171 995 voluminis
1192 975 1225 994 ex
1247 975 1297 994 ea-

61 1002 129 1035 dem
153 1005 302 1038 altitudine
339 1019 398 1047 147
425 1009 532 1051 pedum
552 1007 726 1046 demisisset,
749 1009 833 1041 simul
855 1013 885 1041 δε
910 1008 1013 1039 eodem
1033 1017 1162 1048 tempore
1181 1007 1297 1038 decido-

64 1046 156 1084 bant‚
179 1052 209 1079 ὃ(
232 1048 370 1081 laminam
397 1063 498 1082 aeream
524 1063 583 1083 uno
603 1054 676 1097 pene
701 1057 732 1085 &
752 1052 858 1083 eodem
881 1053 940 1082 ic‘tu
965 1049 1183 1093 percutiebant,
1210 1050 1297 1093 idque

63 1089 163 1132 saepius
187 1095 337 1134 repetitum
358 1092 412 1125 fuit
432 1097 461 1124 in
488 1099 553 1126 navi
573 1099 693 1137 majoris
711 1095 838 1127 Ecclesiae
855 1092 1074 1126 Bellovaccnfis.
1104 1092 1191 1124 Unde
1210 1096 1239 1124 δε
1265 1097 1296 1124 in

63 1136 129 1164 a'e‘re
152 1134 212 1165 duo
229 1135 271 1166 illi
289 1136 368 1178 globi
391 1137 406 1168 ὲ
433 1141 548 1180 regione
567 1139 650 1182 positi
671 1138 862 1170 cernebantur
881 1161 890 1173 ‚
916 1136 966 1167 sub
986 1139 1102 1167 initium
1116 1135 1215 1166 motus
1235 1149 1295 1167 uno

63 1187 110 1207 aut
125 1176 213 1208 altero
227 1178 332 1221 pollice
351 1183 425 1211 inter
443 1180 470 1211 se
484 1181 623 1213 distabant
634 1204 643 1218 ,
665 1181 711 1213 sed
726 1183 817 1225 prope
834 1192 937 1212 terram
957 1185 1014 1221 jam
1033 1178 1178 1220 utriusque
1192 1178 1298 1210 distan-

63 1221 102 1250 tia
120 1231 178 1251 erat
200 1227 229 1252 6.
250 1233 297 1252 aut
320 1235 350 1263 7.
369 1222 536 1264 digitorum.
563 1225 644 1256 Nam
668 1224 772 1268 globus
798 1225 908 1268 ligneus
932 1234 1013 1254 motu
1033 1221 1136 1252 ae'risa
1155 1221 1294 1264 plumbeo

62 1265 184 1294 excitato
203 1263 238 1294 ad
259 1264 331 1296 latus
349 1266 530 1300 deflectebat.
554 1270 622 1298 Hoc
638 1271 867 1311 experimentum
882 1270 912 1297 in
927 1277 1025 1309 aperto
1039 1269 1103 1295 ae're
1123 1275 1183 1295 non
1199 1265 1293 1296 succe-

62 1304 106 1336 dit
119 1328 128 1341 ,
152 1318 218 1337 nam
232 1307 383 1349 plumbeus
400 1309 503 1352 globus
524 1313 607 1342 citius
628 1310 736 1342 decidit
759 1327 768 1350 3
793 1311 839 1342 sed
860 1313 891 1340 in
912 1309 977 1340 loco
992 1308 1107 1340 occluso
1127 1318 1186 1338 rem
1207 1312 1244 1340 ita
1267 1308 1293 1340 se

63 1348 167 1380 habere
187 1349 238 1380 fibi
253 1351 423 1395 persuaserat
437 1356 480 1384 vir
500 1353 602 1385 doetus
624 1357 656 1385 ὅ(
678 1354 812 1397 diligens.

61 1433 1293 1503 ffiffffiffssffissffiffifflssssssffissffiffiffi

294 1545 610 1589 SECTIO
711 1544 1054 1588 SEPTIMA.

63 1632 124 1673 De
135 1629 287 1691 Plgyficis
300 1639 537 1695 experimentis
555 1653 630 1698 quae
646 1640 745 1678 annis
759 1645 869 1690 1670·
888 1645 941 1684 (ff'
954 1644 1053 1687 167¹·
1063 1630 1286 1696 fhffafimt·

158 1731 211 1760 Uae
230 1731 285 1761 hoc
305 1731 423 1764 biennio
439 1735 468 1763 in
489 1733 619 1775 Chymia
650 1736 680 1764 δε
703 1734 837 1763 Botanica
866 1732 979 1762 fuerunt
999 1734 1152 1763 accuratius
1170 1730 1289 1774 expensa

66 1729 143 1815 Q
158 1774 281 1813 primum
309 1776 510 1820 prosequemur
524 1802 533 1816 ‚
555 1788 615 1807 tum
637 1776 674 1807 ad
687 1788 718 1806 ea
736 1787 798 1817 qua:
818 1774 881 1806 sunt
903 1773 1028 1816 Physicae
1049 1774 1289 1817 contemplationi

64 1823 221 1848 veniemus.

368 1939 615 1978 CAPUT
676 1939 985 1977 PRIMUM.

303 2006 566 2045 De'am'malium
596 2005 633 2045 ὦ·
657 2006 843 2056 plantarum
873 2009 1038 2040 Anatame.

66 2082 91 2114 1.
117 2081 188 2159 C
200 2083 261 2113 Um
276 2093 310 2112 eo
333 2086 473 2128 imprimis
487 2084 608 2129 (pestem
628 2085 805 2117 Academica:
817 2086 1050 2117 exercitationes,
1067 2091 1096 2111 ut
1115 2082 1144 2110 in
1162 2076 1289 2128 *P'hysicis

201 2125 395 2168 congressibus
418 2140 479 2172 quae
499 2129 535 2160 ad
557 2139 662 2161 naturae
687 2130 832 2163 historiam
848 2128 973 2172 spectant
994 2148 1004 2162 ,
1025 2135 1084 2154 non
1108 2121 1291 2165 indiligenter
