1638 2345
292 93 591 127 ACADEMIAE
627 92 897 125 HISTORIA
931 90 1015 125 [113.
1045 91 1112 126 111.
1252 91 1314 125 '2¹61'

90 139 165 168 exire
179 137 371 181 prohibeatur
397 153 402 171 :
423 151 488 170 nam
508 142 556 169 a'e'r
575 141 650 169 intus
669 137 819 168 conclusus
839 141 870 168 &
889 135 1062 180 preffusxper
1087 147 1118 165 ea
1142 133 1313 168 foraminula
1330 141 1413 171 Ana-

87 190 238 223 erumpere
257 193 314 213 non
337 183 437 225 potest.
1137 192 1143 197 ‘
1330 193 1395 215 toma

133 228 159 255 V
174 227 196 254 I·
230 229 289 257 Vix
305 227 376 258 ullas
394 230 515 269 aptiores
533 225 600 256 huic
617 228 655 256 rei
675 224 803 256 valvulas
815 226 974 266 excogitare
987 222 1054 254 licet
1066 245 1076 258 ,
1096 233 1182 264 quam
1198 234 1241 253 eas
1254 235 1316 265 quae

88 278 123 297 ex
140 267 253 310 papillis
270 271 397 301 constant
416 280 555 300 continuo
579 269 666 300 dutstu
686 272 724 299 ita
742 268 872 298 formatis
887 289 897 302 ,
919 278 950 298 ut
969 266 1070 298 dustus
1084 265 1141 309 ipsc
1163 267 1257 298 versus
1273 270 1320 298 in·

89 313 195 341 teriora
211 311 306 342 vesicae
328 312 427 343 sensim
448 311 589 343 decrescat
606 335 615 347 ‚
635 316 665 343 &
687 311 811 342 liberum
831 310 992 352 liquoribus
1019 308 1193 340 circumfiifis
1211 309 1321 341 aditum

88 353 234 396 praebeant
248 359 277 386 in
298 367 406 387 meatus
431 367 439 391 ¹,
462 355 508 386 scd
530 355 631 386 iisdem
653 365 757 397 negent
774 365 822 397 per
837 353 957 383 eandem
978 356 1056 384 viam
1077 352 1198 383 reditum
1213 379 1222 388 ‚
1242 353 1323 395 quod

87 400 218 439 corporis
237 397 332 429 vcficae
347 398 522 430 incumbant.
548 398 616 429 Coli
639 399 764 429 intestini
779 396 894 427 valvula
908 399 937 426 in
958 395 1130 438 quibusdam
1146 395 1267 438 piscibus
1285 395 1321 427 stc

87 439 268 472 conformata
285 445 431 486 reperitur.
456 443 497 472 Ex
514 453 572 483 quo
587 441 703 485 quidem
717 443 913 483 experimento
931 439 1003 469 hanc
1024 442 1098 469 circa
1119 439 1257 481 hydropis
1270 451 1323 479 ge-

87 482 175 514 nefim
195 487 388 526 conjcsturam
416 484 482 515 fecit
496 507 505 520 ,
529 486 604 516 hunc
622 484 758 515 morbum
776 494 809 513 ex
832 482 928 513 vefica:
952 483 1028 525 poris
1046 480 1163 511 occlusis
1177 479 1321 514 interdum

87 527 205 567 prodire
223 550 232 562 ,
249 529 327 571 quod
342 539 445 570 aquam
469 531 497 558 in
521 527 676 558 abdomine
697 526 816 558 effusam
828 537 888 556 non
908 525 1078 560 admittant,
1101 536 1162 566 quae
1181 536 1227 566 per
1249 537 1321 556 ven-

88 570 183 600 triculi
204 571 382 602 membranas
400 574 579 601 continenter
604 571 730 602 exsudat.
765 572 833 600 Hoc
855 572 930 599 cnim
952 579 1081 611 expertus
1103 568 1140 598 est
1166 569 1205 599 D.
1234 571 1320 609 Mery

86 623 189 653 aquam
213 613 374 645 ventriculo
400 614 532 645 animalis
560 613 678 644 affusam
704 624 800 643 coecos
838 611 1013 642 membranae
1034 622 1140 642 meatus
1163 623 1322 654 penetrare.

89 654 170 688 Hinc
189 656 263 688 forte
276 669 354 700 aqum
371 657 521 688 mineralcs
534 668 623 699 epota:
637 669 695 687 tam
713 655 773 686 cito
791 654 957 686 redduntur.

132 710 158 730 2.
195 702 275 730 Huic
297 700 393 731 veficae
410 700 452 731 lac
472 711 551 741 aquae
572 700 636 730 loco
657 698 780 730 affusum
802 699 862 733 est,
885 708 915 728 ut
939 698 1007 727 binc
1030 696 1151 739 liqueret
1172 709 1207 728 an
1228 697 1322 740 liquor

88 742 191 773 craffus
222 747 253 774 δε
289 746 403 788 pinguis
424 744 621 774 membranam
643 753 812 786 penetraret.
850 741 884 772 Id
915 740 979 771 sane
1013 739 1125 770 effluxit
1139 762 1149 775 ‚
1175 740 1221 771 sed
1248 741 1323 772 lente

89 785 247 817 admodum
275 798 281 816 ε
308 799 373 817 nam
402 789 475 817 intra
500 798 534 818 12
556 787 640 816 horas
660 789 707 816 vix
724 797 787 829 pars
809 784 891 815 laetis
912 784 1022 815 decima
1050 786 1118 814 exiit
1132 805 1141 818 ‚
1164 783 1210 814 sed
1230 784 1324 827 liquor

88 829 172 860 instat
190 841 268 871 aquae
284 841 344 860 erat
360 829 505 873 limpidus,
527 831 615 860 Circa
631 828 751 860 veficam
767 828 861 872 plures
877 837 964 869 gutta:
980 824 1125 856 craffiores
1139 826 1324 869 apparebant,

88 883 154 903 cum
170 872 285 915 reliqum
304 872 399 904 veficae
415 883 508 916 partes
524 873 601 904 siccae
617 872 794 904 viderentur.
820 872 907 903 Unde
926 868 1044 913 suspicio
1063 869 1157 911 aliqua
1170 869 1238 900 hinc
1253 872 1325 901 oriri

86 913 173 959 poffit
188 919 217 945 in
237 919 271 947 iis
295 926 405 947 tanturn
419 917 489 947 locis
503 915 700 947 membranam
717 914 770 945 effe
791 913 942 956 pertusam.

137 961 223 989 VII.
259 961 421 1001 Interjetffis
437 959 546 1003 aliquot
568 958 666 989 diebus
688 960 727 989 D.
742 957 872 988 Sedileau
894 955 1014 986 vesicam
1036 954 1149 985 suillam
1172 958 1203 986 δε
1225 966 1325 987 recen-

90 1012 148 1032 tem
166 1013 240 1043 aqua
257 1003 390 1045 implevit
411 1014 474 1045 quae
495 1005 629 1045 guttatim
645 1001 723 1032 bidui
744 999 833 1044 spatio
851 998 967 1029 stillavit
979 1025 987 1034 ,
1012 1001 1095 1029 tertio
1109 999 1155 1029 die
1171 1009 1243 1041 aqua
1261 1010 1325 1041 quae

90 1045 231 1087 supererat
259 1046 385 1076 detracta
402 1068 410 1081 ‚
445 1049 509 1076 a'e're
530 1044 649 1076 vesicam
669 1043 801 1087 implevit
824 1054 910 1085 quem
929 1041 978 1071 illa
999 1045 1123 1072 retinuit.
1151 1044 1209 1071 Vix
1228 1054 1326 1073 tamen

90 1088 264 1119 crediderim
280 1101 382 1132 aquam
404 1088 492 1119 vesica
506 1099 672 1119 contentam
691 1099 741 1131 per
765 1085 965 1119 membranam
981 1084 1142 1116 transmitti.
1168 1086 1240 1115 Haec
1261 1084 1326 1116 sane

90 1135 286 1173 experimenta
307 1132 435 1163 iteranda
450 1133 524 1163 mihi
547 1131 689 1163 videntur.

133 1174 295 1216 Ingluviem
309 1187 424 1218 quoque
437 1175 515 1205 Galli
531 1175 626 1205 Indici
643 1175 768 1218 vulgaris
782 1173 855 1216 aqua
869 1173 990 1217 replevit
1004 1195 1012 1207 ‚
1024 1171 1071 1203 sed
1085 1183 1117 1202 ea
1127 1182 1187 1202 non
1202 1170 1326 1207 effluxit,

91 1217 138 1248 seu
157 1218 297 1259 ingluvies
316 1222 345 1248 in
362 1219 483 1249 naturali
505 1219 599 1253 statu,
617 1218 664 1249 seu
680 1218 790 1249 inversa
804 1229 905 1259 aquarn
920 1219 1071 1258 exciperet.

137 1264 163 1292 V
176 1263 188 1290 Ι
201 1263 211 1290 Ι
224 1263 248 1292 Ι.
282 1260 358 1292 Illud
374 1274 444 1305 pene
460 1263 531 1292 mihi
545 1260 687 1292 exciderat
705 1283 715 1297 ,
738 1273 789 1292 nec
808 1259 958 1291 tacendum
975 1270 1069 1289 tamen
1084 1280 1092 1293 ,
1116 1257 1194 1300 quod
1209 1267 1328 1288 exeunte

89 1316 166 1335 anno
182 1304 324 1347 superiore
342 1304 357 1335 ὲ
381 1306 419 1334 D.
437 1307 522 1346 Mcry
539 1307 568 1335 in
585 1303 699 1347 publica
723 1304 813 1335 domo
832 1302 962 1334 militum
982 1304 1031 1344 qui
1047 1304 1075 1331 in
1093 1300 1172 1331 bello
1191 1300 1329 1332 membris

91 1347 220 1378 mulctati
237 1348 318 1382 sunt,
337 1346 390 1378 fuit
404 1348 597 1379 observatum.
631 1349 710 1377 Nam
728 1347 828 1378 militis
848 1358 887 1384 72
911 1356 999 1376 annos
1015 1347 1073 1374 nati
1094 1354 1189 1386 aperto
1203 1343 1329 1374 cadave-

91 1402 122 1421 re
138 1401 228 1433 partes
244 1402 344 1420 omncs
363 1392 479 1421 thorace
504 1395 533 1422 ὅ(
559 1389 714 1420 abdomine
731 1400 878 1421 contentas
896 1388 951 1418 suis
973 1387 1044 1416 locis
1068 1398 1176 1417 emotas
1199 1389 1328 1426 invenir3

92 1437 132 1464 ita
153 1446 183 1465 ut
208 1445 270 1475 quae
294 1436 323 1463 in
344 1433 445 1464 dextro
470 1434 554 1464 latere
570 1444 663 1463 exmre
679 1432 834 1463 debuerant
850 1454 859 1466 ,
882 1430 1022 1462 sinistrum
1043 1429 1115 1460 latus
1132 1440 1328 1474 occuparent,

94 1480 126 1509 δέ
142 1477 276 1507 viciffim.
298 1477 407 1508 cordis
430 1476 501 1507 basis
520 1475 616 1507 medio
640 1476 705 1506 loco
730 1475 818 1519 posita
840 1485 900 1505 erar
924 1496 933 1509 ,
953 1476 983 1504 δέ
1005 1471 1191 1502 finistrorsum
1210 1475 1328 1508 versus,

93 1532 198 1561 corpus
219 1520 310 1564 ipsum
334 1523 363 1550 &
392 1522 497 1550 Mucro
519 1523 547 1549 in
569 1519 695 1549 dextram
713 1531 821 1562 partem
841 1528 982 1560 promota.
1011 1516 1120 1545 Dexter
1140 1515 1216 1546 illius
1236 1515 1329 1551 smus,

94 1563 219 1595 auricula
235 1567 294 1604 ejus
310 1566 424 1604 major,
446 1574 518 1593 vena
532 1563 633 1593 itidem
655 1574 723 1593 cava
744 1562 779 1592 ad
805 1561 940 1592 sinistram
963 1559 1058 1589 cordis
1076 1569 1186 1601 partem
1200 1581 1209 1594 ,
1233 1563 1329 1589 minor

93 1606 219 1637 auricula
237 1610 267 1637 ὅ(
287 1618 364 1637 aorra
385 1607 420 1636 ad
440 1606 567 1637 dextram
590 1605 638 1636 sita
655 1617 744 1639 erant.
769 1608 817 1637 Sic
837 1604 1008 1648 pulmonum
1022 1604 1122 1631 arteria
1143 1600 1249 1632 sinistra
1263 1614 1331 1633 cor-

91 1649 139 1680 dis
159 1661 236 1692 parte
249 1649 352 1692 egressa
366 1648 543 1679 chtrmsum
563 1648 756 1685 deflectebat,
781 1652 818 1679 ita
838 1659 868 1678 ut
889 1650 919 1677 δέ
937 1646 1088 1689 pulmones
1111 1655 1227 1687 quoque
1244 1645 1327 1676 situm

95 1692 252 1724 naturalem
269 1695 475 1723 commutarint
500 1707 507 1723 :
528 1704 594 1722 nam
617 1692 714 1723 dexrer
727 1695 755 1723 in
769 1692 840 1722 duos
854 1701 965 1722 tantum
981 1711 991 1724 ,
1014 1687 1118 1718 finister
1132 1691 1162 1718 in
1177 1699 1230 1719 tres
1244 1688 1328 1719 lobos

94 1736 201 1767 divisus
220 1747 278 1766 erat
299 1747 398 1766 contra
411 1735 576 1766 consuetum
598 1747 702 1766 natum
722 1736 865 1768 ordinem.

143 1779 248 1809 Eadem
268 1790 326 1809 erat
350 1779 517 1822 Ocsophagi
531 1801 540 1814 ,
568 1778 719 1809 ventriculi
740 1784 770 1811 &-
786 1779 980 1809 intestinorum
996 1775 1127 1808 inversio.
1155 1773 1276 1815 Pylorus
1298 1777 1327 1805 in

95 1834 177 1865 parte
198 1820 303 1851 finistsa
317 1844 325 1856 2
343 1821 418 1852 unde
440 1826 469 1853 &
489 1822 656 1853 duodenum
678 1825 792 1853 initium
812 1821 951 1865 capiebat.
980 1822 1067 1864 Jecur
1088 1818 1187 1850 itidem
1206 1821 1233 1848 in
1250 1829 1327 1860 parte

98 1866 206 1896 finistta
226 1863 345 1908 politum
361 1887 370 1899 ‚
397 1864 455 1896 lien
476 1869 505 1898 in
527 1865 627 1897 dextra
643 1877 652 1900 3
666 1876 745 1898 venae
767 1876 880 1910 quoque
899 1868 928 1897 δέ
948 1867 1056 1897 arteriae
1078 1860 1234 1894 naturalem
1249 1861 1328 1896 suum

97 1915 182 1942 titum
204 1917 420 1942 commutarant„

1037 2127 1096 2156 Kx
1130 2126 1161 2165 iij
