1638 2345
227 167 318 196 ΑΝΝ.

228 214 315 248 1667.

227 254 319 285 &68.

338 137 379 164 24
655 125 826 157 REGIAE
875 125 1263 160 SCIENTIARUM

367 172 407 201 X.
433 170 554 213 Spiritus
576 168 694 210 quidam
711 173 881 205 atramenti,
903 168 950 201 seu
968 170 1077 201 vitrioli
1102 170 1268 214 sulphureus
1290 171 1359 202 inest
1374 174 1453 215 aquis
1475 176 1568 204 mine-

336 213 460 250 talibus,
479 223 544 256 quae
563 212 652 256 vulgo
677 217 766 256 magis
785 212 915 245 salutares
928 212 1069 245 habentur
1086 237 1095 250 ,
1115 213 1225 246 tametsi
1247 226 1300 246 nec
1325 213 1434 247 ferrum
1454 227 1506 247 nec
1521 220 1568 247 vi-

336 257 454 288 triolum
478 259 507 287 in
526 257 570 287 his
590 257 616 286 se
640 256 753 300 prodat.
776 258 846 288 Hoc
866 256 1027 289 identidem
1051 257 1068 288 22
1086 258 1112 289 se
1127 257 1310 290 observatum
1332 258 1425 290 a'i‘ebat
1449 260 1490 290 D.
1517 260 1569 291 Du

336 300 412 333 Clos
426 324 435 336 ,
455 299 536 344 quod
561 311 627 331 cum
643 305 671 333 vi
694 303 767 344 ignis
782 300 926 344 liquorem
949 312 1069 333 omnem
1092 302 1109 333 ὲ
1130 301 1248 333 vitriolo
1266 300 1421 342 eduxisset,
1435 305 1466 334 &
1489 306 1569 334 itera-

336 356 363 376 ta
384 344 568 376 distillatione
592 344 704 387 spiritus
724 344 841 387 quidam
863 343 1032 389 sulphureus
1055 348 1087 377 &
1111 344 1236 377 volatilis
1255 344 1313 377 lcni
1338 345 1433 377 calore
1459 349 1569 390 primus

335 387 430 419 exibat
443 411 452 424 ,
495 390 523 418 ui
540 386 630 418 odore
650 388 766 433 sulphur
788 387 948 423 referebat,
969 388 1015 420 scd
1030 392 1061 420 &
1083 392 1182 420 omnis
1199 388 1371 421 corrosionis
1387 401 1487 434 expers
1499 402 1568 422 crat.

337 434 397 463 Hic
419 431 501 463 facile
522 434 554 463 in
575 443 653 462 auras
677 432 880 464 evanescebat:
902 432 982 476 quod
1003 435 1033 464 in
1055 444 1090 464 eo
1106 433 1175 464 inest
1198 436 1288 476 magis
1313 444 1486 477 corporeum
1512 433 1571 464 uni

334 486 401 506 cum
423 474 586 519 phlegmate
609 474 796 507 confunditur
809 502 818 512 ‚
835 481 865 508 δε
884 479 913 506 in
927 475 1046 507 rubrum
1060 476 1207 520 pulverem
1221 479 1428 521 praecipitatur‚
1446 481 1495 520 qui
1515 476 1569 508 ali-

336 519 393 561 qui
425 519 560 550 domatur
590 518 702 561 spiritus
734 522 849 551 virtute.
891 521 1051 561 Liquorem
1087 520 1158 552 veto
1198 520 1282 552 illum
1315 519 1448 552 subtilem
1485 524 1571 552 miras

335 563 418 594 dotes
440 566 469 593 in
485 562 677 604 temperandis
690 563 839 606 spirituum
856 561 1036 594 motionibus
1049 589 1058 600 ‚
1081 566 1112 594 in
1128 563 1304 595 resolvendis
1321 563 1567 595 obstructionibus

336 607 477 637 viscerum
497 604 600 636 habere
614 605 796 648 praedicabat.
821 607 854 636 In
875 619 909 638 eo
923 617 1060 648 aquarum
1080 619 1183 650 genere
1203 618 1266 650 qua:
1280 606 1429 639 vitriolica:
1447 607 1570 638 censen-

337 659 382 680 tur
405 661 452 680 aut
472 648 640 692 ferruginea:
654 671 664 684 ‚
689 661 809 693 qumque
826 649 890 682 sunt
915 650 1146 692 frequentiores,
1171 653 1232 681 vim
1253 654 1424 695 praecipuam
1447 650 1569 695 positam

335 691 390 723 effe
410 696 439 724 in
468 692 567 735 spltitu
588 692 741 736 sulphureo
755 719 764 732 ,
787 705 851 724 eum
875 705 909 725 ue
929 693 1049 724 rubrum
1074 694 1202 725 colorem
1224 696 1240 724 ὰ
1258 693 1332 737 galla
1352 694 1454 725 elicere
1473 695 1569 726 existi-

335 736 452 771 mabam
475 735 520 766 sed
543 746 609 766 cum
631 737 741 767 summe
767 736 800 767 fir
819 707 946 769 volatilis
962 760 971 773 ‚
996 736 1056 768 cito
1075 741 1099 769 is
1116 735 1275 781 diffipatur.
1297 738 1387 781 quue
1405 738 1493 781 longe
1512 743 1570 770 uti-

335 778 389 811 lius
413 779 475 811 fore
503 778 658 815 censebat,
680 779 701 810 fi
728 781 841 823 spiritus
861 780 910 812 ille
929 780 944 810 ὲ
965 780 1084 812 vitriolo
1100 793 1149 825 per
1164 781 1380 813 distillationem
1407 781 1442 812 ab
1452 782 1515 814 aliis
1534 781 1570 813 li-

334 823 474 866 quoribus
495 823 614 854 secretus
635 822 837 863 adhiberetur,
853 836 883 856 ac
902 835 997 868 pauca·
1015 823 1091 855 illius
1105 835 1192 868 gutta:
1213 827 1242 855 in
1254 837 1324 869 aqua
1343 829 1514 861 communi,
1536 828 1569 856 ὅ(

335 869 365 897 in
385 878 450 910 apta
471 867 642 897 decoffione
665 867 860 911 praebercntur
878 891 888 904 ,
916 867 1004 912 quarn
1022 867 1042 899 fi
1068 879 1113 898 ma
1137 880 1172 899 na
1193 880 1273 912 aquae
1293 868 1439 900 minetalis
1459 873 1488 899 in
1507 867 1570 912 ipso

334 910 415 941 fonte
442 922 501 942 non
529 909 586 941 fine
610 913 721 953 magnis
741 911 936 942 incommodis
962 914 993 942 δε
1015 879 1174 955 [υῐῃρῐίἷυς
1194 912 1349 944 hauriatur.
1372 913 1452 943 Nam
1482 913 1568 953 hujus

333 958 446 997 generis
463 966 541 999 aquae
565 965 611 985 aut
627 953 766 986 transsata:
790 966 837 986 aut
856 955 998 986 affervatae
1019 958 1067 985 vix
1082 954 1169 986 ullius
1191 956 1254 987 sunt
1286 956 1353 986 usus
1365 978 1373 991 ,
1391 967 1458 987 curn
1476 958 1569 1000 Spiri-

335 1008 396 1028 tum
419 997 503 1029 illum
525 996 708 1042 sulphureum
725 1000 861 1030 amittunt
876 1022 885 1034 ‚
902 1010 933 1030 ac
951 998 1022 1042 saepe
1036 1010 1145 1030 terrena
1164 1002 1281 1030 materia
1298 999 1468 1043 corporibus
1482 1001 1569 1031 noxia

333 1052 499 1073 onerantur.

729 1166 761 1201 C
799 1169 832 1205 A
866 1168 892 1205 P
921 1169 961 1206 U
999 1167 1035 1204 T
1101 1170 1150 1205 V.

688 1260 738 1289 De
763 1254 877 1303 iisdem
906 1254 996 1303 aquis
1011 1253 1210 1302 fingillatim

334 1340 358 1370 1.
389 1343 437 1417 E
451 1343 479 1371 X
497 1339 596 1370 multis
620 1339 724 1371 Gallia·
747 1339 817 1372 locis
838 1352 917 1383 aqua·
939 1340 1091 1371 minerales
1106 1340 1168 1372 sunt
1189 1340 1356 1384 asportatae,
1375 1352 1472 1384 eatque
1488 1344 1504 1374 a
1523 1346 1565 1377 D.

454 1385 493 1416 D.
517 1384 568 1414 Du
591 1384 663 1414 clos
683 1387 713 1414 δέ
741 1384 898 1416 Bourdelin
921 1383 1058 1415 omnibus
1080 1395 1177 1415 coram
1205 1384 1361 1427 diligenter
1386 1390 1565 1420 examinatae.

332 1427 410 1457 Cum
427 1439 520 1458 autem
543 1438 585 1457 res
609 1426 641 1457 fit
656 1450 665 1463 ,
691 1426 710 1458 fi
730 1439 793 1470 quae
812 1428 868 1459 alia
885 1431 915 1459 in
937 1427 1054 1469 Phyfica
1070 1450 1080 1462 ,
1105 1439 1214 1470 magnae
1235 1427 1365 1460 utilitatis
1382 1451 1391 1463 ‚
1421 1442 1476 1473 qua
1504 1443 1567 1463 me-

333 1470 425 1501 thodo
435 1494 442 1506 ‚
456 1482 548 1513 quave
563 1473 673 1501 ratione
693 1474 722 1502 in
745 1483 844 1502 earum
858 1474 988 1502 examine
1001 1470 1186 1514 processerint
1198 1474 1253 1503 viri
1275 1475 1305 1503 in
1320 1472 1473 1513 Chymicis
1488 1475 1566 1506 reso-

331 1512 491 1545 lutionibus
512 1516 681 1550 exercitati,
703 1514 805 1545 libello
828 1518 860 1546 in
882 1515 956 1545 hanc
980 1526 1041 1545 rem
1062 1515 1142 1546 edito
1155 1514 1332 1557 publicatum
1356 1515 1431 1551 fuit3
1451 1517 1522 1549 adeo
1535 1530 1566 1551 ut

333 1558 455 1588 minime
479 1556 665 1588 necessarium
684 1557 769 1589 nobis
792 1558 922 1589 videatur
940 1562 981 1589 ire
997 1568 1045 1602 per
1069 1557 1190 1602 singulas
1203 1582 1212 1595 ,
1230 1559 1338 1602 quidve
1357 1562 1388 1590 in
1408 1563 1442 1591 iis
1462 1560 1566 1605 depre-

331 1600 452 1632 hensum
472 1600 558 1632 fuerit
576 1603 716 1632 minutius
741 1613 883 1645 exponere
898 1623 908 1636 ,
932 1600 1041 1632 summa
1064 1601 1201 1635 duntaxat
1218 1605 1309 1646 capita
1330 1602 1523 1636 decurremus.

380 1646 545 1689 Antequam
569 1656 648 1688 aquae
668 1656 701 1675 ex
717 1644 787 1676 locis
810 1644 923 1689 longius
943 1643 1046 1676 diffitis
1067 1645 1275 1677 adveherentur
1289 1669 1298 1681 ,
1317 1645 1353 1678 ab
1371 1650 1405 1678 iis
1418 1660 1482 1691 qua:
1499 1660 1565 1692 pro-

330 1698 366 1730 pe
383 1689 529 1719 Lutetiam
551 1688 700 1719 minerales
723 1687 879 1724 habentur,
902 1686 1009 1731 placuit
1030 1691 1175 1733 incipere,
1200 1689 1215 1719 a
1237 1688 1366 1720 Paffiacis
1390 1693 1462 1722 vicis
1475 1692 1564 1733 vulgo

329 1731 424 1771 Paffi,
443 1735 474 1763 &
495 1731 711 1762 Autolienfibus
727 1744 755 1762 v.
775 1732 905 1762 Aureiiil.
931 1730 999 1762 Illas
1020 1732 1119 1776 spiritu
1133 1732 1245 1764 vitrioli
1263 1733 1416 1776 sulphureo
1435 1728 1563 1778 aliquan-

330 1784 391 1804 tum
415 1777 595 1819 impraegnari
621 1786 655 1805 ex
675 1787 709 1806 eo
733 1774 900 1806 conclusum
923 1775 960 1805 est
974 1797 984 1810 ,
1006 1776 1085 1818 quod
1104 1775 1197 1818 pulvis
1220 1775 1301 1818 gallae
1324 1778 1446 1818 injetstus
1460 1790 1473 1809 a
1498 1790 1564 1811 uam

328 1828 472 1850 recentem
493 1819 583 1851 rubeo
604 1818 702 1849 colore
721 1818 872 1854 infecerit,
888 1821 938 1862 qui
957 1819 1048 1850 statim
1062 1823 1176 1851 evanuit
1188 1819 1238 1850 ubi
1258 1822 1333 1863 ignis
1348 1820 1438 1852 calori
1459 1791 1564 1854 admo-

327 1871 354 1891 ta
372 1862 420 1893 est.
437 1864 559 1906 Spiritus
582 1861 644 1893 salis
660 1865 834 1893 ammoniaci
847 1865 895 1907 qui
911 1861 967 1893 una
987 1873 1052 1893 cum
1067 1863 1206 1894 calcinato
1226 1874 1330 1895 tartaro
1346 1867 1488 1896 extractus
1500 1867 1565 1897 fue-

326 1915 368 1936 rat
381 1928 390 1941 ,
414 1905 517 1937 affusus
538 1906 661 1937 lic'teum
677 1918 756 1948 aqua»,
777 1907 917 1950 impertiit
939 1905 1088 1943 colorem,
1111 1906 1194 1938 simul
1215 1911 1245 1939 &
1267 1919 1366 1952 patum
1381 1908 1509 1952 pulveris
1525 1910 1563 1941 al-

326 1947 357 1979 bi
377 1952 407 1980 &
425 1949 535 1981 subtilis
552 1962 674 1993 praeccps
688 1949 808 1981 decidit.

367 1995 408 2024 Ex
429 1996 464 2025 iis
485 1994 598 2025 indiciis
614 1996 757 2033 conjicere
783 1993 865 2025 licuit
881 1993 1019 2038 quiddam
1035 1993 1212 2026 vitriolicum
1235 1998 1265 2026 in
1288 1997 1323 2026 iis
1344 1999 1426 2040 aquis
1446 1996 1563 2029 delites-

326 2046 411 2076 ccrc3
438 2049 503 2069 nam
523 2049 588 2068 eum
610 2036 668 2068 fere
681 2037 810 2068 colorem
828 2037 909 2081 gallae
923 2038 1091 2069 admistione
1109 2039 1238 2082 ptaebcnt
1253 2062 1262 2075 ‚
1281 2050 1368 2081 quem
1384 2052 1455 2084 aqua
1477 2053 1561 2072 com-

327 2084 419 2111 munis
435 2085 479 2113 cui
498 2080 648 2113 vitriolum
669 2081 864 2124 ferrugineum
881 2081 1024 2123 adjetstum
1045 2082 1120 2117 fuit3
1141 2082 1191 2114 nisi
1215 2083 1294 2126 quod
1319 2084 1366 2114 hic
1392 2084 1474 2116 color
1497 2096 1560 2116 atro

325 2121 358 2153 rit
373 2127 504 2157 vicinior.
535 2128 645 2158 Verum
667 2125 688 2157 fi
706 2125 778 2170 quid
798 2124 904 2158 habent
925 2126 1034 2159 vitrioli
1045 2149 1056 2164 ‚
1080 2127 1109 2160 id
1133 2139 1221 2159 omne
1234 2131 1264 2160 in
1282 2127 1383 2172 spiritu
1394 2127 1492 2173 aliquo
1505 2140 1560 2159 vo-

1485 2171 1558 2205 latili
