1638 2345
216 197 304 225 Asu.

219 244 304 276 1671.

218 283 247 311 &
267 292 316 320 7²·

328 158 365 191 98
595 149 775 182 REGIAE
813 143 1219 179 SCIENTIARUM

330 196 385 228 fuit
399 219 408 232 ‚
423 206 507 238 atque
519 193 553 226 ad
567 193 716 234 physicam
729 195 818 234 magis
835 202 919 233 quam
931 189 966 220 ad
982 187 1137 220 Mathtsim
1150 187 1260 218 videtur
1278 187 1420 230 pertinere
1436 199 1443 218 ε
1461 185 1568 218 tamenn

333 240 502 272 Mecham'ca
525 237 669 280 utriusque
691 237 730 267 est
752 236 883 266 scientiae.

371 287 410 315 V.
454 283 535 312 Dum
559 281 618 310 haec
640 284 671 312 ὃ(
692 279 746 311 alia
760 277 971 323 quamplurima
992 279 1163 318 agitarentur
1183 296 1192 309 ‚
1209 285 1265 316 qua
1287 275 1398 304 ratione
1423 275 1452 302 in
1469 270 1571 315 pleris-

331 339 386 371 que
411 325 481 357 locis
499 327 563 355 anri·
583 322 771 355 Bononiensis
792 325 821 353 δέ
846 319 1018 352 Muzinensis
1046 318 1149 350 incola·
1171 317 1266 348 fontes
1287 316 1416 347 salientes
1441 315 1455 346 ὲ
1480 317 1572 359 puteis

333 352 568 416 profundioribus
588 366 738 399 educerent
753 389 762 402 ‚
785 367 827 396 D.
843 362 976 396 castinus
990 363 1128 405 exposuit.
1162 361 1257 391 Altius
1275 363 1412 391 nimirum
1428 357 1572 390 effodiunt

333 426 437 445 terram
463 412 531 443 dum
555 411 646 442 solum
673 410 831 452 subjccstum
851 412 881 439 vi
904 419 982 450 aquec
1008 406 1105 437 subtus
1128 407 1301 435 scaturientis
1322 402 1507 434 intumescere
1527 404 1574 440 vj-

334 456 443 487 deatur.
467 456 546 487 Tum
563 455 707 498 praelonga
721 452 830 485 terebra
845 463 948 483 terram
964 449 1111 495 perforant
1126 471 1135 484 ‚
1159 452 1188 480 &
1209 449 1275 479 dato
1289 450 1365 478 exitu
1385 457 1456 490 aqua
1470 456 1574 488 magna

337 504 365 531 vi
386 503 510 542 erumpit
529 522 537 532 ,
562 509 624 541 quae
649 509 708 528 non
732 506 850 540 puteum
876 494 966 525 modo
983 493 1083 537 implet
1098 516 1106 528 ‚
1135 491 1180 522 sed
1195 491 1341 521 exundans
1361 492 1478 534 perenni
1495 488 1576 519 fluxu

338 556 436 586 agrum
457 543 675 579 circunmCtum
694 544 790 583 irrigat
805 562 814 575 ,
836 550 882 569 aut
901 539 1000 581 aptatis
1023 536 1097 569 tubis
1115 535 1221 566 sursum
1242 533 1369 567 effertur.
1394 535 1488 575 Atque
1503 530 1575 564 illud

340 587 402 617 situs
422 588 458 616 est
481 584 630 629 probabile
653 596 696 615 eas
713 594 848 627 aquarum
870 581 1052 622 scaturrigines
1076 592 1109 610 ex
1130 581 1286 623 Apennino
1306 589 1426 612 monte,
1455 578 1505 619 qui
1524 575 1576 606 de-

340 642 402 660 cem
419 630 476 660 fere
493 629 663 660 milliaribus
675 629 741 658 hinc
762 627 862 664 distat,
885 637 933 672 per
952 623 1146 655 li.btcrraneos
1163 633 1269 653 meatus
1281 620 1386 651 delabi.
1411 621 1491 652 Nam
1504 630 1576 655 con.

340 673 424 705 simili
449 684 520 718 pene
539 670 662 703 artificio
680 674 708 701 in
725 671 835 702 Austtia
848 670 988 700 interiore
1010 679 1072 710 qua:
1086 668 1178 697 Stiiiae
1197 664 1344 696 montibus
1359 666 1505 707 cingitur,
1527 665 1578 694 in-

340 716 410 749 eolae
431 720 472 748 uti
495 715 587 747 solem
602 727 631 746 ut
649 726 748 759 puteos
767 725 839 758 aqua
854 711 1001 755 impleant.

394 762 435 791 D.
461 761 572 800 Niquet
595 760 794 790 machinarum
822 768 884 799 qua:
911 757 1000 796 magis
1030 753 1092 784 sunt
1121 751 1227 784 usitatae
1256 754 1284 781 in
1312 750 1452 795 plerisque
1470 748 1578 781 artibus

336 818 339 822 ’
356 815 427 848 ypos
447 802 646 834 conficiendos
663 804 771 832 curavit
786 823 794 835 ,
818 803 868 843 qui
883 802 913 830 in
926 797 1139 830 Observatorio
1155 797 1250 837 Regio
1265 793 1447 826 asservantur.
1480 795 1579 834 Qam

343 851 374 881 in
393 858 453 878 rem
473 848 514 878 D.
531 845 657 889 Couplet
675 856 793 888 operam
811 844 888 874 suam
910 846 940 873 ὅ(
961 841 1128 872 industriam
1145 838 1278 871 contulit.
1304 840 1398 870 Variae
1411 840 1496 868 etiam
1519 848 1581 868 ma-

343 893 438 923 chinae
462 891 498 922 ad
521 889 709 921 Academiam
730 887 801 927 jussu
817 888 856 917 D.
875 885 997 917 Colbert
1019 884 1166 927 asportatae
1181 904 1190 918 ,
1205 881 1329 913 discuss‘ae
1353 881 1478 912 fuerunt.
1503 882 1582 912 lnoer

339 934 412 967 alias
434 938 529 976 pontis
555 932 696 977 portatilis
717 931 771 963 fuit
797 930 941 974 designata
961 929 1092 959 machina
1108 939 1160 970 qua
1172 936 1269 971 portus
1288 927 1435 969 expurgati
1457 919 1580 967 possunt.

346 978 403 1010 Sed
419 979 467 1009 -D.
486 981 599 1021 Niquet
617 979 702 1010 aliam
722 976 788 1006 huic
809 977 899 1017 magis
919 972 1051 1005 idoneam
1067 975 1097 1003 δι
1116 969 1277 1013 expeditam
1298 970 1446 1014 proposuit
1463 982 1470 1000 :
1496 970 1583 1000 mitto

341 1022 425 1060 alias,
440 1033 470 1054 ut
479 1019 616 1066 segetibus
630 1018 808 1067 persecandis
819 1040 830 1054 ‚
847 1028 894 1048 aut
910 1014 1075 1048 triturandis
1092 1012 1257 1056 propositas.
1401 1010 1408 1014 “

390 1068 442 1098 11.
479 1069 555 1098 Ante
581 1064 612 1095 id
639 1064 778 1106 temporis
803 1083 812 1096 ‚
840 1072 916 1091 anno
941 1063 1029 1095 1669.
1056 1057 1213 1100 susceptum
1242 1058 1271 1086 δι
1297 1065 1439 1097 quantum
1459 1055 1583 1086 human-a

340 1114 441 1153 potuit
462 1108 598 1142 industria
616 1106 776 1152 perfe&um
803 1102 859 1135 fuit
879 1114 952 1148 opus
977 1101 1134 1134 Academia
1153 1099 1274 1143 dignum
1295 1099 1332 1130 de
1359 1107 1441 1130 terra:
1468 1098 1584 1130 dimen-

346 1154 435 1185 sione.

390 1198 468 1228 Cum
497 1196 553 1226 hoc
580 1193 728 1238 problema
755 1191 945 1234 Geographiae
964 1187 1014 1233 ipsi
1046 1190 1076 1219 &
1099 1188 1276 1230 navigationi
1297 1184 1330 1217 sit
1359 1184 1503 1229 perutile,
1523 1193 1586 1216 non

342 1239 520 1271 &veteribus
536 1238 626 1269 modo
642 1260 652 1273 ‚
675 1236 724 1267 sed
734 1231 1065 1266 etiamarecentioribus
1087 1233 1249 1261 Geometris
1271 1228 1395 1259 multum
1415 1228 1521 1259 laboris
1534 1238 1587 1258 ex-

349 1284 479 1316 haustum
499 1283 539 1314 est
553 1304 563 1317 ‚
582 1292 613 1312 ut
636 1280 756 1324 liqueret
776 1289 916 1321 quantum
938 1286 1030 1320 pateat
1044 1286 1116 1305 unus
1131 1273 1210 1304 orbis
1240 1283 1320 1303 terrae
1339 1271 1454 1314 gradus.
1481 1271 1588 1302 Prole-

346 1341 440 1362 maeus
458 1341 526 1362 eum
544 1335 584 1361 66
602 1328 736 1359 milliaria
758 1329 788 1358 δι
813 1326 829 1369 ξ
853 1328 1001 1356 continere
1020 1334 1029 1357 ·‚
1053 1320 1162 1352 Arabes
1186 1320 1254 1352 teste
1277 1317 1423 1350 Abulfeda
1445 1320 1475 1349 in
1490 1317 1589 1362 prole-

350 1382 484 1422 gomenis
498 1400 507 1414 ,
526 1389 593 1408 cum
611 1380 641 1407 in
662 1375 808 1419 planitiem
828 1374 929 1402 Saniar
945 1370 1016 1414 jussu
1039 1368 1078 1400 sui
1101 1370 1236 1412 principis
1257 1366 1472 1403 convenissent,
1490 1368 1520 1398 δι
1534 1365 1588 1397 sub

345 1422 454 1453 todem
470 1419 757 1461 meridianolquidam
776 1414 911 1448 Austrum
920 1414 1015 1446 versus
1031 1436 1039 1449 ‚
1051 1411 1099 1442 alii
1118 1415 1147 1443 in
1159 1413 1390 1455 Septcntrionem
1403 1409 1490 1454 spatio
1505 1411 1590 1440 unius

352 1464 456 1508 gradus
476 1462 668 1508 processissent
682 1485 691 1498 ,
713 1461 835 1504 gradum
854 1469 945 1489 unum
967 1463 999 1498 56
1023 1455 1156 1486 milliaria
1181 1465 1275 1498 parere
1292 1463 1494 1497 compererunt
1519 1465 1526 1484 :
1550 1455 1591 1483 ita

348 1517 384 1539 'ut
409 1520 445 1540 io
464 1506 636 1539 milliaribus
652 1505 668 1535 ὲ
693 1503 852 1536 Ptolemzeo
877 1500 1053 1533 dissiderent,
1085 1499 1111 1528 A
1142 1497 1300 1528 Proletnaeo
1327 1497 1443 1540 quidem
1469 1495 1591 1540 spatium

348 1555 437 1582 unius
450 1551 554 1595 gradus
573 1561 638 1592 500
658 1548 752 1580 stadiis
771 1547 825 1578 fuit
846 1544 999 1577 definitum
1012 1566 1021 1578 ,
1043 1541 1122 1585 quod
1145 1540 1255 1572 Arabes
1275 1540 1309 1571 ad
1333 1546 1371 1572 66
1396 1537 1528 1571 milliaria
1546 1550 1592 1569 te-

356 1608 494 1630 vocarunt
517 1612 523 1630 :
546 1598 619 1628 adeo
646 1607 677 1627 ut
697 1593 926 1637 unumquodque
949 1591 1072 1622 milliare
1096 1602 1114 1628 7
1138 1588 1223 1619 stadia
1254 1589 1271 1630 ‘s
1294 1588 1511 1631 complectatur.
1535 1585 1593 1618 Sed

356 1645 461 1688 quibus
482 1645 546 1676 usus
567 1644 651 1676 fuerit
674 1642 767 1676 stadiis
784 1640 955 1673 Ptolemaeus
969 1664 978 1676 ,
1002 1640 1110 1668 Giaecis
1133 1648 1166 1667 an
1193 1635 1397 1667 Alexandrinis
1413 1657 1422 1670 ‚
1448 1644 1547 1676 quaeve
1561 1630 1594 1664 fit

355 1700 483 1720 accurata
505 1688 584 1731 pedis
601 1689 729 1718 Romani
753 1684 882 1717 mensura
900 1706 908 1719 ‚
931 1681 1013 1714 valde
1029 1686 1169 1712 incertum
1189 1680 1236 1712 est.

401 1734 457 1763 111.
476 1733 579 1773 Qare
595 1733 768 1762 omittamus
779 1739 906 1759 veterum
918 1727 969 1757 hac
983 1725 1017 1756 de
1032 1736 1060 1756 rc
1075 1724 1225 1754 sententias
1242 1732 1322 1763 ‚quae
1339 1723 1461 1750 nimium
1483 1722 1557 1751 inter
1569 1718 1595 1750 sc

355 1775 459 1807 distant
471 1797 481 1811 ‚
499 1774 571 1806 adeo
591 1785 621 1805 ut
646 1773 682 1804 ab
696 1770 847 1804 Aristotele
858 1771 892 1801 ad
902 1767 1011 1800 Arabes
1029 1768 1116 1810 usque
1128 1769 1211 1797 unius
1229 1765 1332 1809 gradus
1353 1763 1472 1806 spatium
1489 1763 1596 1806 semper

356 1819 508 1851 decrescat.
529 1819 608 1850 Nam
623 1816 781 1848 Aristotelis
798 1813 973 1856 temporibus
993 1824 999 1843 ι
1013 1825 1022 1844 ι
1036 1823 1044 1842 i
1057 1825 1065 1842 ι
1083 1810 1180 1845 stadia,
1193 1809 1361 1840 Erastotenis
1373 1818 1433 1846 700
1445 1830 1453 1842 ,
1463 1805 1598 1837 'Posside-

356 1865 399 1893 'nii
412 1868 475 1893 666
497 1861 646 1893 Prolemaei
661 1872 720 1902 500
737 1859 821 1890 stadia
838 1856 1130 1900 compltdhtunlntet
1143 1855 1328 1883 Recentiores
1344 1852 1479 1895 superiori
1496 1848 1597 1880 saeculo

361 1906 545 1937 astimatione
564 1904 689 1948 quadam
709 1903 723 1932 Ξι
748 1901 876 1933 Fcrnelio
897 1897 1065 1930 conclusum
1090 1897 1142 1928 fuit
1165 1899 1262 1932 68096
1286 1895 1376 1938 passiis
1399 1895 1599 1925 Geometricos

357 1947 409 1981 ¹seu
429 1955 532 1991 56746
555 1947 713 1990 hexapedas
737 1949 766 1976 ὅ(
781 1957 799 1982 4
823 1944 907 1987 pedes
923 1941 1088 1974 Paris‘ienses
1099 1952 1158 1971 uno
1172 1939 1262 1982 gradu
1282 1941 1434 1969 contineri.

406 1992 530 2024 Sncllius
548 1994 577 2022 in
599 1990 783 2022 Erastothene
807 1990 914 2018 Batavo
937 1986 955 2019 l.
975 1997 998 2015 2.
1021 1996 1045 2017 c.
1059 1997 1086 2021 9.
1107 1988 1259 2014 certiorem
1286 1987 1316 2014 δε
1336 1984 1425 2024 magis
1444 1980 1601 2021 geometri-

363 2047 426 2067 cam
449 2038 512 2067 iniit
534 2037 611 2065 viam
635 2045 710 2074 ‚qua
726 2031 847 2073 gradum
872 2042 964 2061 unum
987 2032 1135 2059 continete
1153 2031 1247 2070 28500
1271 2028 1390 2070 perticas
1415 2020 1600 2057 Rhcncnses,

364 2081 409 2110 stu
431 2090 526 2121 §502¹
545 2077 702 2120 hexapedas
720 2072 886 2106 parisienses
908 2073 1052 2113 judicavit.

408 2121 556 2153 Ricciolus
579 2120 632 2151 alia
645 2118 784 2150 methodo
805 2118 839 2147 ad
854 2123 953 2156 62900
969 2113 1124 2156 hexapcdas
1143 2126 1207 2145 cum
1229 2115 1385 2156 promovit.

405 2168 419 2196 1
435 2165 473 2197 V.
508 2168 550 2198 Ac
569 2164 688 2196 demum
710 2163 751 2194 D.
769 2160 869 2193 Picard
889 2163 969 2191 annis
993 2166 1063 2195 τεόν
1089 2163 1118 2190 ἃ
1146 2166 1222 2198 ¹⁶70
1245 2170 1277 2188 cx
1300 2157 1398 2188 multis
1418 2153 1506 2198 iisque
1520 2162 1602 2183 accu-
