1638 2345
320 99 379 130 208
485 121 488 125 .
645 96 825 128 REGIAE
869 95 1270 128 SCIENTIARUM

202 140 292 171 Ami.
314 138 423 171 decursi
444 137 532 183 spatio
547 161 555 175 ‚
578 138 625 170 vel
651 152 684 170 ex
712 138 769 181 ipsa
794 139 978 169 :estimatione
1012 150 1046 169 ex
1080 138 1161 169 sulcis
1196 141 1273 170 navis
1289 160 1297 173 ‚
1323 137 1432 179 vulgo,
1452 135 1546 166 Parte

208 186 294 214 1682.
315 185 417 226 Sillaege
434 205 442 218 ‚
464 193 522 214 non
541 182 695 213 subducant
710 183 725 212 ὲ
743 182 849 212 summa
865 184 954 212 varias
975 180 991 210 ὲ
1012 183 1090 212 ιὀέὶο
1103 185 1215 212 tramite
1231 181 1405 212 deviationes
1421 205 1429 218 ‚
1454 189 1544 220 neque

314 225 349 256 ad
364 230 537 257 currentium
552 248 560 260 ,
584 237 629 255 aut
645 235 797 255 ventorum
809 224 972 255 discrimina
988 224 1049 255 saris
1065 224 1210 255 intendant
1229 226 1367 259 animum,

360 269 559 308 Qaiiiobrem
578 267 596 298 fi
615 267 712 297 cadem
735 271 842 297 ratione
858 289 865 303 ,
887 277 950 307 qva:
971 270 997 296 in
1015 267 1108 298 Gallia
1126 267 1178 297 fuit
1201 268 1330 308 usurpata
1344 266 1461 296 aliatum
1473 274 1547 307 quo-

313 322 368 354 que
389 314 539 352 regionum
558 310 753 352 longitudines
778 333 785 344 ‚
819 310 863 340 seu
887 309 1119 340 Mciizliiiiotuin
1139 309 1305 340 differentiae
1325 308 1547 342 contrahantur,

314 366 372 384 non
397 353 521 385 multum
541 352 556 383 5,
585 365 654 383 vcro
670 353 875 384 aberrabimus,

361 400 385 426 V
401 399 421 426 i.
469 399 563 438 Hujus
597 399 634 426 rei
666 396 823 439 periculum
853 394 919 426 fecit
948 394 1102 425 Academia
1134 398 1164 425 in
1191 406 1297 437 magno
1326 393 1549 437 planispliaerio,

312 440 389 488 <10³³
414 443 442 468 in
463 443 532 470 turri
557 438 757 469 Observatorii
779 438 964 470 Occidentali
987 438 1040 468 fuit
1060 437 1235 470 delineatum
1252 440 1313 480 post
1332 437 1472 468 absolutas
1495 434 1550 465 ob-

315 484 488 513 servationcs
513 478 643 514 'Danicas
664 505 673 517 ‚
706 484 913 516 Ainericanas,
939 485 969 513 δι
993 492 1037 511 eas
1061 492 1123 522 qum
1144 485 1172 511 in
1199 481 1287 523 plagis
1313 477 1552 511 Occidentalibua

317 527 439 556 Francia:
457 525 559 556 habitae
582 525 654 555 sunt.
691 526 820 555 Primum
840 527 917 555 enim
932 523 1062 554 locorum
1081 526 1109 553 in
1133 523 1236 567 quibus
1259 524 1339 554 factm
1363 522 1473 554 fuerant
1495 520 1552 551 ob-

316 564 486 599 servationes
501 591 510 604 ‚
530 567 594 599 situs
615 568 677 599 sunt
697 567 778 610 positi
802 581 808 599 ι
834 567 942 610 reliqua
963 565 979 595 ὸ
999 566 1163 608 vulgaribus
1181 567 1284 597 chartis
1301 566 1421 597 ita·sunt
1435 562 1554 595 transsa-

317 621 344 641 ta
358 633 366 646 ,
388 622 419 642 ut
434 610 649 654 longitudinum
669 610 837 642 differentia·
858 612 957 641 eadem
979 612 1088 639 ratione
1111 609 1345 641 contraherentur
1360 632 1369 645 ‚
1395 612 1426 640 &
1448 607 1481 638 :id
1503 618 1553 636 va-

317 656 372 684 rias
402 656 490 685 Luna:
517 653 633 697 eclipses
656 656 848 696 exigerentur.
881 655 946 685 Nec
969 650 1150 694 pra-*termilsa
1172 653 1210 683 cst
1233 654 1373 683 correctio
1396 652 1432 682 ab
1454 649 1555 681 illustri.

321 697 471 728 Pcirelicio
502 701 534 729 δε
557 697 742 729 celeberrimo
766 695 908 728 Gaffendo
929 695 1001 727 fac‘h
1022 699 1051 726 iri
1086 694 1187 726 tabulis
1211 695 1447 738 hydrographicis
1468 695 1554 724 marte

323 740 542 772 Mediterranei.
578 742 636 770 His
654 743 732 771 enirn
750 739 798 771 illc
821 739 966 771 habendus
986 739 1023 769 est
1041 738 1135 769 honos
1153 750 1184 770 iit
1206 741 1291 782 primi
1312 739 1422 770 chartas
1438 739 1555 779 naviga-

324 785 410 814 tionis
427 786 457 813 in
476 787 546 815 mari
571 783 786 815 Mediterraneo
806 782 1020 813 emendaverint
1037 806 1048 821 ,
1080 785 1110 813 &
1131 781 1290 813 distantiam
1312 780 1467 812 Massiliam
1483 782 1558 810 inter

323 829 354 858 δέ
372 825 575 857 Alexandriam
590 829 752 870 quingentis
772 825 941 857 milliaribus
957 828 1101 856 minorem
1117 825 1275 856 effecerint.

370 872 396 899 V
410 873 421 900 1
436 872 458 899 1.
497 871 687 912 Geographi‘ae
708 868 812 900 tabulis
830 871 859 899 in
883 870 958 900 hunc
981 868 1101 899 modum
1118 871 1252 899 correctis
1265 890 1273 903 ,
1296 868 1425 909 regiones
1439 865 1456 896 ὲ
1470 865 1556 897 nobis

322 911 419 942 versus
440 914 592 944 Orientem
611 919 640 943 ὅ(
663 912 855 944 Occidentem
876 909 1076 942 remotissimas
1100 922 1131 950 25
1150 923 1197 942 aut
1213 923 1245 951 30
1265 909 1400 953 gradibus
1416 909 1559 940 admove-

323 966 353 986 re
372 977 381 990 ‚
405 958 434 985 &
453 955 574 986 totidem
595 955 695 996 gradus
713 954 902 997 longitudinis
926 966 959 984 cx
979 956 1013 984 iis
1032 957 1080 997 qui
1103 957 1133 985 in
1154 954 1256 985 tabulis
1273 963 1407 983 notantur
1420 975 1430 987 ‚
1455 951 1560 983 subdu-

322 1008 385 1027 ccre
407 998 516 1028 nete-ise
536 1002 656 1029 omnino
675 998 729 1028 fuit
753 1020 762 1032 ‚
792 1000 896 1039 eosque
915 997 1016 1027 addere
1038 1001 1166 1040 oportuit
1191 1001 1223 1028 iis
1249 995 1414 1038 regionibus
1437 1007 1559 1038 quarum

326 1040 487 1071 Meridiani
513 1044 547 1072 iis
573 1052 760 1084 opponuntur
781 1040 851 1071 locis
875 1063 883 1075 ,
911 1039 961 1070 ubi
979 1039 1058 1070 faetae
1082 1039 1143 1070 sunt
1172 1039 1313 1083 piaedie'tae
1333 1037 1563 1070 observationes.

326 1086 426 1125 Qam
446 1088 588 1115 rationem
607 1085 700 1127 postca
723 1083 948 1126 comprobarunt
972 1081 1033 1114 aliae
1055 1085 1084 1112 in
1109 1082 1203 1114 Gallia
1224 1106 1232 1118 ‚
1268 1086 1296 1114 in
1321 1081 1418 1111 Africa
1438 1104 1448 1116 ,
1476 1085 1506 1112 δε
1529 1084 1559 1111 in

329 1129 463 1158 America
487 1128 590 1159 habita:
612 1127 824 1158 observationes
842 1149 851 1164 ,
883 1125 1051 1169 quibuscum
1072 1126 1168 1157 charta
1190 1127 1390 1157 Observatorii
1415 1124 1472 1155 fcrc
1494 1123 1560 1154 ubi-

328 1181 383 1212 que
413 1170 565 1202 consentit.

375 1215 451 1243 VII
467 1216 489 1243 Ι.
536 1213 626 1244 Addit
648 1215 689 1243 D.
706 1212 812 1243 cassini
832 1216 860 1243 in
878 1213 1050 1245 collectione
1073 1212 1320 1244 Observationum
1335 1212 1434 1254 saepiiis
1450 1209 1561 1240 laudata

330 1256 483 1297 D.Halley
496 1256 634 1299 Anglum‚
649 1255 787 1297 insignem
801 1255 1005 1287 Astronomum
1016 1280 1025 1292 ‚
1044 1260 1091 1299 qui
1112 1259 1140 1286 iii
1160 1256 1249 1286 insula
1265 1258 1294 1285 S.
1312 1257 1434 1285 Helena:
1449 1252 1562 1282 Austra-

330 1297 370 1328 lcs
390 1299 481 1329 stellas
496 1298 649 1341 dihgenter
665 1299 848 1335 observavit,
869 1311 903 1329 ex
922 1303 954 1330 iis
978 1311 1040 1343 qua:
1063 1300 1077 1328 a
1101 1298 1239 1329 naucleris
1254 1300 1333 1329 fache
1355 1301 1415 1328 lunt
1438 1298 1468 1326 &
1490 1306 1562 1325 inter

331 1341 358 1371 se
379 1340 490 1372 collata:
517 1341 778 1372 observationibus
798 1342 965 1385 comperisse
987 1344 1219 1384 promontorium
1248 1342 1331 1372 bona:
1356 1343 1419 1382 Spei
1446 1350 1464 1377 7
1483 1361 1491 1373 ›
1516 1349 1563 1369 aut

331 1386 399 1414 οέὶο
416 1385 550 1426 gradibus
564 1388 654 1427 magis
677 1384 710 1414 ad
732 1384 924 1416 Occidentem
948 1397 1063 1427 vergere
1077 1408 1086 1421 ,
1106 1396 1191 1428 quam
1212 1386 1315 1415 chartae
1338 1384 1403 1427 ipsse
1428 1381 1565 1412 demons-

332 1438 416 1460 trent.
441 1429 523 1471 Isque
539 1431 568 1459 in
586 1427 784 1471 plaiiisphaerio
801 1428 920 1459 terrestri
943 1429 1140 1461 Observatorii
1155 1427 1226 1458 illud
1239 1428 1473 1471 promontorium
1487 1428 1514 1455 in
1529 1435 1564 1455 eo

331 1470 420 1511 gradu
442 1470 629 1514 longitudinis
648 1470 768 1513 positum
789 1470 886 1507 vidit,
907 1483 993 1514 quem
1013 1472 1070 1515 ipse
1087 1469 1254 1501 definierat..

380 1516 500 1544 Lunaris
524 1514 639 1557 Ecliplis
654 1525 716 1556 quai:
732 1514 779 1544 die
796 1525 826 1544 21
850 1515 992 1546 Februarii
1010 1527 1085 1546 anno
1110 1516 1184 1545 1682.
1210 1515 1328 1544 Lutetizt
1341 1535 1350 1548 ‚
1369 1516 1398 1545 &
1415 1511 1488 1556 apud
1513 1513 1564 1543 Sa-

335 1558 454 1587 roienses
477 1557 528 1588 fuit
549 1558 695 1588 obtervata
708 1580 716 1592 ,
735 1569 797 1587 cai-n
819 1558 1050 1589 Meridianorurn
1071 1557 1266 1589 differentiam
1286 1554 1406 1600 praebuit
1421 1578 1429 1591 ,
1453 1567 1514 1598 quae
1534 1558 1564 1586 in

334 1600 526 1642 planispherio
550 1603 671 1632 terrestri
686 1604 743 1642 jam
759 1611 825 1631 ante
845 1600 935 1632 fuerat
950 1599 1102 1643 dtsigiiata.

386 1646 449 1675 IX.
495 1646 568 1683 (ξας
589 1645 643 1673 huc
665 1644 751 1684 usque
772 1647 801 1674 iii
821 1644 937 1675 diversis
968 1656 1105 1676 terrarum
1129 1643 1208 1674 orbis
1230 1642 1354 1686 partibus
1373 1641 1444 1683 jussu
1474 1641 1565 1681 Regis

339 1685 571 1717 Clitistianissiiiti
596 1688 674 1717 faeta·
698 1686 760 1717 sunt
784 1687 994 1718 observationes
1009 1711 1018 1723 ,
1042 1686 1145 1718 tabulis
1169 1687 1403 1728 liydrograpliicis
1429 1688 1458 1715 ἃ
1485 1687 1565 1716 Geo-

336 1729 477 1771 gtaphicis
497 1742 592 1760 earuni
617 1734 765 1772 regionum
786 1741 847 1772 qiioe
865 1733 938 1761 inter
959 1730 1081 1762 Antillas
1105 1734 1135 1761 &
1152 1732 1294 1760 Sianicnse
1315 1740 1432 1770 regnunt
1448 1729 1566 1758 interia—

337 1783 401 1803 cent
415 1795 422 1806 ‚
445 1773 585 1803 emcndnzi
597 1776 636 1803 ini
655 1773 821 1804 servierunt.
845 1775 938 1817 Atque
955 1778 983 1804 in
1004 1786 1064 1804 eam
1085 1773 1159 1817 spem
1175 1772 1340 1803 adducimur
1354 1794 1363 1807 ,
1384 1773 1444 1801 fore
1460 1783 1489 1801 ut
1502 1773 1567 1801 uni-

338 1816 421 1846 versa·
439 1818 624 1858 Geograpliifc
641 1817 800 1846 instauratio
813 1839 822 1851 ‚
841 1829 912 1860 opus
931 1818 1057 1848 humano
1070 1819 1165 1859 generi
1182 1816 1319 1858 perutile,
1333 1819 1361 1846 &
1379 1815 1453 1857 Regi
1469 1816 1567 1845 Maxi·-

338 1870 387 1888 rno
401 1858 556 1900 gloriosum
571 1871 601 1888 ta
619 1863 724 1889 y‘atinuie
748 1863 778 1890 &
803 1863 849 1891 via
868 1859 1035 1902 peificiatur.

384 1905 423 1932 X.
438 1902 538 1932 Mense
555 1902 677 1933 Octobri
687 1905 752 1932 antii
766 1907 848 1934 1681..
862 1905 901 1934 D.
918 1904 1019 1934 Picard
1030 1902 1187 1945 stranguriz'i
1199 1925 1207 1938 ‚
1219 1913 1264 1934 aiit
1275 1902 1464 1945 suppressione
1478 1904 1565 1932 urina:

339 1948 478 1976 extinctus
494 1946 532 1976 cst
554 1957 562 1980 ·,
583 1950 606 1976 is
625 1948 704 1976 omni
720 1945 786 1975 disci
811 1945 932 1977 linarum
953 1958 1054 1989 genere
1071 1957 1102 1977 ac
1122 1947 1334 1978 Matlicmaticis
1351 1949 1492 1990 imprimis
1511 1943 1567 1978 ins-

341 1990 446 2020 fructus
460 2012 468 2024 ,
494 2001 550 2019 non
575 1989 630 2019 sola
651 1959 893 2030 conte-mpliitionc
913 2000 1062 2020 contentus
1078 2012 1086 2025 ,
1112 1989 1184 2020 liinc
1202 2001 1266 2021 ciiiii
1288 1990 1337 2020 usu
1355 1994 1383 2022 δε
1400 1990 1476 2032 praxi
1494 1987 1567 2017 scin.

342 2044 389 2075 per
405 2036 554 2071 conjunxit
568 2055 577 2068 ,
602 2037 641 2064 uti
656 2043 690 2062 ex
704 2030 787 2074 ipsius
806 2031 949 2075 opusculis
972 2044 1034 2075 qua:
1054 2035 1126 2063 inter
1148 2032 1357 2064 lucubrationes
1378 2031 1566 2064 Academico-

340 2085 404 2106 mm
425 2077 585 2120 posthumas
606 2087 682 2106 anno
703 2081 769 2114 ¹693
797 2076 859 2108 sunt
882 2076 960 2108 edita
980 2098 990 2112 ‚
1016 2086 1099 2118 atquc
1116 2088 1150 2108 cx
1169 2078 1202 2107 us
1223 2088 1286 2120 qua:
1312 2079 1343 2109 in
1364 2077 1447 2119 hujus
1471 2075 1567 2115 operis

1449 2117 1573 2148 decursu
