1638 2345
329 93 628 125 ACADEMIAE
675 92 968 123 HISTORIA.
1011 92 1095 125 [ΑΒ.
1130 94 1154 127 1.
1330 106 1344 131 9

144 139 209 181 Jam
224 161 234 174 ,
255 149 286 170 ut
305 139 431 169 diximus
445 163 452 176 ‚
468 139 498 167 in
520 136 599 166 ltalia
614 136 706 178 plures
728 146 808 166 erant
822 135 985 166 Academiae
1000 145 1063 177 quae
1084 136 1119 166 ad
1138 135 1284 178 politiores
1299 137 1347 167 lit-

115 193 187 213 teras
202 204 212 217 ,
234 185 263 213 δε
278 181 314 213 ad
334 193 365 212 <a
383 192 445 224 quae
463 181 525 211 sunt
540 182 603 210 vitae
626 178 718 209 civilis
738 177 854 214 officia,
877 181 967 221 magis
994 178 1158 222 specstabant
1173 201 1181 214 ‚
1208 191 1293 221 quam
1312 180 1348 211 ad

114 223 331 267 disciplinarum
359 234 555 265 augmentum.
581 222 754 265 Excipienda
780 233 874 252 tamen
895 221 1008 252 illustris
1028 221 1185 252 Academia
1207 222 1348 254 Florenti-

115 278 152 298 na
168 279 229 310 quae
254 266 418 298 serenissimi
437 269 539 308 Magni
559 267 704 296 Hetturiae
732 265 810 296 ducis
844 265 1015 295 authoritate
1037 264 1154 295 fundata
1168 276 1287 307 magnos
1304 278 1349 297 ex-

117 310 182 342 tulit
195 314 272 341 viros
284 333 292 345 ,
309 322 338 342 ut
359 311 511 342 Gali‘aeum
528 308 728 339 Tornicellutn
743 331 753 343 ,
766 307 914 339 Borellum
930 308 1024 343 Redi,
1048 308 1194 339 Belltnum
1215 312 1273 341 &Q
1285 310 1349 339 Ne.

116 364 172 395 que
192 353 260 384 alibi
277 353 334 384 fere
349 365 434 396 quam
447 357 474 383 in
489 351 602 382 Scholis
622 351 744 394 publicis
757 351 968 394 Philosophicae
985 355 1014 382 δ(
1032 352 1247 383 Mathematicae
1262 351 1349 384 disci-

115 395 202 438 plinae
216 396 400 427 docebantur.
418 398 479 436 Qi
501 397 530 424 in
547 394 794 425 observationibus
810 398 840 425 ὅ(
862 397 1063 437 experimentis
1076 394 1213 425 faciendis
1226 395 1351 427 studium

117 439 199 470 suum
219 443 249 470 &
267 451 384 482 operam
405 437 568 482 ponebant,
592 437 647 468 sese
664 440 789 468 invicem
802 439 922 468 invilere
937 441 1087 476 contenti,
1103 450 1150 469 aut
1172 450 1221 481 per
1238 440 1351 482 Episto-

118 481 158 512 las
173 482 322 525 quoddam
339 486 412 513 inter
433 481 457 513 se
473 484 678 512 commercium
699 483 770 512 inire
783 503 792 516 ,
816 491 878 522 quae
892 481 1080 512 occurrebant
1096 480 1288 518 difficultates,
1304 494 1351 514 aut

119 525 256 556 solvenda
277 525 454 569 problemata
481 523 531 555 fibi
557 535 657 555 mutuo
679 535 840 566 proponere
855 546 863 558 ,
878 536 924 554 aut
947 525 965 554 fi
983 524 1053 566 quid
1071 524 1272 556 observatione
1286 525 1353 568 dig-

119 578 188 598 num
204 568 278 599 foret
291 591 300 603 ‚
316 568 386 599 alios
402 567 521 599 subinde
534 567 688 598 admonere
701 589 710 601 ‚
728 567 797 608 quid
818 566 868 597 fib1
886 570 919 596 iis
938 567 973 597 de
991 567 1073 597 rebus
1098 567 1240 599 videretur
1254 591 1263 604 ‚
1281 569 1354 610 quid

120 614 217 641 animo
237 610 427 653 cogitassent,
450 610 527 641 ultro
551 609 728 652 aperiebant.
746 610 837 650 Qod
860 610 949 650 liquet
969 621 1002 639 cx
1029 609 1162 652 Epistolis
1188 611 1323 643 Gaffendi
1343 635 1353 648 ,

121 653 265 689 Canem,
284 655 432 684 Mersenni
449 676 458 689 ,
484 664 517 683 cx
535 655 593 683 vita
613 650 778 682 Peireschii.
806 653 848 682 Hi
871 655 972 694 utique
992 655 1066 683 inter
1088 657 1246 696 praeeipuos
1268 656 1354 686 nostri

118 696 203 736 hujus
216 696 308 728 saeculi
325 700 400 728 viros
425 706 614 727 numerantur
626 717 635 730 ,
650 698 700 737 qui
715 698 745 725 in
763 695 857 725 Gallia
872 696 1124 736 experimentalem
1136 696 1355 741 Philosophiam

117 751 344 782 promoverunt,
359 743 401 770 uti
423 743 450 771 ἃ
470 738 571 770 iisdem
598 738 775 781 temporibus
796 739 960 770 Franciscus
975 741 1050 769 Baco
1066 738 1181 782 Angliae
1200 741 1355 772 Cancella-

118 786 177 813 rius
191 806 200 818 ,
224 786 272 825 qui
289 782 414 814 formam
433 781 618 813 instaurandae
644 781 765 812 scientiae
783 780 919 813 naturalis
942 785 972 812 δέ
998 785 1082 813 certis
1104 783 1355 815 observationibus

118 824 325 857 confirmandae
347 829 456 869 primus
475 825 631 856 delineavit
652 847 661 860 ,
685 835 808 867 cumque
821 847 829 860 ‚
849 824 950 866 utipse
969 828 1028 861 ait,
1044 837 1115 868 pene
1134 826 1207 857 solus
1222 825 1287 858 effer
1306 840 1355 858 to-

119 871 174 899 tius
188 872 268 912 regni
293 871 415 911 negotiis
428 869 575 900 distinctus
589 893 598 907 ‚
618 870 641 898 is
664 879 760 899 tamen
781 880 882 899 omnes
904 867 1098 913 Philosophiae
1112 881 1205 913 partes
1221 882 1281 901 non
1296 883 1355 901 me-

119 911 256 944 diocriter
275 912 435 943 illustravit.

154 958 182 985 X
195 959 206 986 Ι
219 959 256 986 V.
280 956 370 997 Qod
390 955 410 986 fi
426 955 590 986 Ludovicus
614 966 732 998 magnus
756 955 877 995 Regiam
900 955 1090 986 scientiarum
1107 955 1295 988 Academiam
1322 971 1355 989 co

121 998 234 1029 tantum
253 998 410 1030 instituisset
423 998 511 1028 modo
524 1021 535 1034 ,
556 1009 614 1040 quo
632 996 794 1028 Cardinalis
810 996 960 1028 Richclius
975 998 1163 1029 Academiam
1179 1002 1354 1036 francicam,

121 1053 168 1072 aut
185 1041 310 1072 Carolus
331 1044 376 1072 11.
401 1041 554 1083 Anglicam
576 1043 748 1071 Societatem
763 1063 770 1075 ‚
795 1050 825 1069 ac
850 1040 1011 1082 privilegiis
1027 1041 1200 1084 quibusdam
1222 1056 1284 1075 eam
1308 1057 1357 1076 or-

122 1095 207 1120 nare,
226 1085 380 1127 impendiis
405 1085 542 1115 faciendis
561 1095 673 1114 certum
697 1083 833 1114 destinare
853 1082 975 1113 fundum
998 1096 1148 1116 contentus
1164 1108 1174 1120 ‚
1189 1098 1290 1129 magna
1312 1088 1355 1119 sa-

123 1138 158 1157 ne
176 1127 220 1158 illi
244 1127 394 1158 haberetur
409 1130 507 1170 gratia.
535 1126 589 1157 Sed
604 1129 626 1157 is
642 1137 700 1156 non
721 1125 810 1156 modo
826 1125 898 1155 hanc
917 1126 1039 1158 fundate
1059 1127 1151 1158 voluit
1164 1152 1173 1163 ,
1196 1140 1243 1160 aut
1257 1132 1358 1162 neces-

122 1170 208 1201 sarios
227 1173 427 1214 experimentis
452 1175 481 1202 &
501 1169 751 1201 observationibus
775 1167 912 1199 faciendis
928 1170 1107 1213 suppeditare
1132 1171 1259 1214 sumptus
1273 1196 1282 1208 ‚
1306 1187 1356 1205 ve-

123 1224 187 1244 rum
201 1217 287 1245 etiam
308 1213 414 1257 placuit
431 1212 471 1244 illi
493 1213 544 1243 suae
570 1212 748 1244 liberalitatis
765 1223 796 1243 ac
819 1211 1028 1244 benevolentiae
1060 1215 1227 1246 testimoniis
1243 1228 1291 1247 eos
1310 1229 1356 1248 cu-

123 1256 251 1293 mulare,
275 1268 347 1300 quos
361 1257 426 1287 huic
453 1258 589 1287 Societati
613 1267 691 1287 certo
703 1256 815 1295 judicio
839 1258 868 1285 &
886 1255 1002 1287 delectu
1020 1256 1172 1298 adjunxit,
1197 1271 1228 1290 ut
1244 1263 1271 1291 in
1294 1272 1356 1292 eam

122 1303 307 1342 cogitationes
322 1299 381 1331 suas
399 1303 429 1331 &
452 1311 530 1330 curas
543 1311 644 1330 omnes
663 1298 836 1330 conferrent.
859 1300 1006 1344 Qodque
1026 1302 1190 1332 mirandum
1204 1307 1292 1345 magis
1306 1306 1354 1340 est,

124 1343 201 1374 bella
224 1346 407 1386 quantumvis
423 1342 523 1374 acerba
543 1341 617 1372 nihil
632 1342 668 1373 de
693 1345 768 1384 regia
799 1342 996 1374 munificentia
1016 1343 1224 1381 detraxerunt,
1247 1358 1282 1376 ne
1311 1348 1355 1378 his

124 1387 243 1460 qusildem
268 1387 415 1429 postremis
441 1389 522 1417 annis
546 1397 612 1417 cum
637 1396 696 1417 tota
722 1397 793 1428 pene
814 1387 926 1428 Europa
950 1386 1082 1418 adversus
1102 1388 1227 1420 Galliam
1251 1394 1354 1432 conju-

126 1442 154 1460 ra
180 1441 218 1461 et.

537 1554 795 1592 CAPUT
850 1554 949 1590 111.

195 1639 385 1690 Physt'carum
404 1642 663 1677 exercitationum
677 1642 787 1692 prim-e
810 1640 1036 1677 delineationes
1052 1653 1281 1693 proponuntur.

128 1739 151 1767 1.
180 1735 259 1810 N
273 1737 340 1767 Unc
364 1736 398 1767 ad
420 1748 451 1766 ea
464 1738 614 1767 veniamus
633 1739 662 1767 in
676 1736 779 1779 quibus
794 1736 952 1767 Academia
976 1736 1153 1780 potissimum
1169 1737 1194 1767 se
1211 1742 1359 1774 exercuit,

277 1782 307 1809 &
323 1783 479 1811 etiamnum
491 1779 516 1810 se
528 1791 647 1812 exercet.
662 1781 731 1810 Hoc
741 1783 818 1810 enim
831 1782 1004 1823 ptaecipuum
1017 1781 1054 1811 est
1067 1781 1150 1821 hujus
1165 1782 1299 1812 Historiae
1311 1794 1358 1813 ar-

129 1832 298 1864 gumentum
311 1845 321 1858 ‚
341 1823 427 1866 idque
446 1827 571 1854 maxime
593 1823 608 1852 a
621 1823 707 1854 nobis
733 1825 873 1867 expectati
893 1823 1074 1854 crediderim.
1102 1825 1146 1854 Ac
1159 1827 1286 1866 primum
1298 1829 1357 1867 qui-

129 1865 195 1895 dem
215 1865 338 1897 vitandae
360 1866 536 1898 confusionis
559 1865 640 1897 causa
657 1866 692 1897 de
717 1866 843 1908 Physicis
864 1870 893 1898 &
914 1867 1129 1898 Mathematicis
1148 1867 1295 1899 laboribus
1321 1867 1359 1899 se—

129 1910 253 1952 paratim
276 1908 311 1939 {ic
332 1909 487 1940 dicendum
508 1911 564 1945 est,
585 1921 615 1940 ut
629 1921 722 1940 rerum
739 1913 831 1953 potius
853 1921 939 1952 quam
963 1921 1127 1953 temporum
1148 1909 1245 1941 seriem
1265 1911 1362 1953 perse-

130 1963 261 1994 quamur.
282 1952 358 1983 Illud
378 1964 492 1996 quoque
516 1953 753 1988 admonendum,
773 1955 827 1984 hoc
850 1953 935 1983 nobis
955 1952 1008 1983 css'e
1030 1953 1206 1996 propositum
1225 1976 1232 1987 ‚
1257 1966 1315 1983 non
1332 1966 1363 1985 ut

129 1998 256 2036 integros
272 1995 306 2026 de
332 1997 505 2032 Anatomia‚
528 1998 599 2027 Arte
618 1997 773 2032 mimica,
795 2008 842 2027 aut
856 1996 891 2026 de
915 1995 980 2026 aliis
995 1997 1157 2039 disciplinis
1178 1995 1270 2026 libros
1292 2009 1364 2027 con—

130 2037 286 2069 scribamus
298 2061 307 2074 ,
318 2039 364 2069 sed
375 2039 487 2070 tanturn
498 2051 529 2071 ut
543 2052 574 2070 ea
591 2039 758 2071 mandemus
780 2040 882 2072 litteris
898 2050 960 2081 quae
973 2040 1007 2070 ad
1024 2040 1187 2072 Academiae
1204 2040 1367 2071 Historiam

130 2084 293 2125 pertinent,
318 2093 390 2126 quos
409 2082 458 2115 illa
474 2083 632 2126 progreffus
650 2082 767 2124 fecerit,
790 2096 852 2127 quae
875 2082 994 2115 demum
1014 2094 1189 2126 unoquoque
1205 2094 1280 2113 anno
1305 2083 1367 2115 fue-
