1638 2345
262 80 563 114 'ACADEMIAE
601 81 892 115 HISTORIA.
929 82 1021 113 Ltn.
1050 84 1124 116 111.
1254 95 1310 116 2›t

80 122 180 155 oculos
198 125 227 154 in
244 123 270 154 se
285 129 438 157 convertit.
470 124 592 168 Eclipses
611 137 713 156 omnes
731 137 786 168 qua
806 126 913 157 futuras
931 138 985 169 qua
999 130 1152 169 praeteritas
1170 125 1252 158 nullo
1267 97 1311 158 n7c-
1330 119 1405 151 M*

79 169 162 209 gotio
181 170 209 198 in
227 170 398 201 Noviluniis
415 173 444 201 &
463 168 631 201 Pleniluniis
650 169 834 202 demonstrat.
852 169 981 201 Alteram
1001 180 1115 212 quoque
1130 171 1315 201 Planetatum
1329 163 1409 193 'hcm-

80 210 209 242 motibus
231 212 408 254 explicandis
430 218 506 254 juxta
522 211 639 253 systema
653 212 886 256 Copetnicanum
904 213 940 244 ab
960 212 1063 244 eodem
1085 214 1200 243 austorc
1213 216 1316 244 inven-

79 263 138 283 tam
161 265 218 284 non
241 254 297 285 stne
317 256 506 287 admiratione
526 255 649 298 quadam
668 256 706 286 est
721 256 930 297 contemplatus
947 269 954 287 ι
973 267 1039 286 nani
1053 255 1172 299 planetae
1189 268 1270 287 unlus
1287 260 1317 288 Sc

78 296 203 336 ejusdcm
220 309 314 329 motus
338 302 365 329 vi
381 301 454 330 circa
475 298 573 329 Solem
592 302 726 329 circuitus
743 299 805 330 suos
823 299 986 331 absolvurt.

122 342 228 372 XIX.
274 344 354 373 Hinc
383 345 478 372 varios
503 353 599 372 earum
625 342 822 373 machinarum
847 354 930 385 typos
951 341 1042 372 oculis
1064 340 1189 372 lustravit
1211 363 1220 377 ‚
1254 343 1319 373 Rex

78 383 127 414 M.
154 386 184 415 Β.
217 384 322 426 quibus
338 387 470 425 graviora
488 384 627 416 tolluntur
646 384 785 427 pondera.
822 387 862 415 Ex
884 389 916 416 iis
931 384 1042 427 aliquot
1062 387 1091 415 in
1113 385 1234 416 navibus
1257 385 1319 417 sunt

77 425 182 456 ufimtae
200 430 227 457 δε
244 427 278 457 ad
299 427 445 458 utiliorem
470 427 593 458 foimam
616 428 735 459 redacta:
749 450 759 463 ,
774 429 934 470 cujusmodi
952 429 989 458 cst
1010 428 1058 458 illa
1078 429 1208 459 machina
1229 429 1318 471 vulgo

78 468 219 500 Cabessan
241 470 338 505 dicta,
361 482 422 511 quae
444 471 478 501 ad
492 472 584 502 Axtm
605 473 633 500 in
652 472 825 512 perittochio
845 475 972 503 revocati
993 472 1081 514 potest
1109 482 1186 513 :qua
1207 474 1318 502 ratione

77 511 135 543 illae
156 513 298 544 machina:
316 513 446 545 classibus
461 514 566 556 quibus
582 513 730 556 praefuerat
742 536 752 549 ,
774 527 874 558 aptatae
887 514 975 546 effent
991 537 999 549 ‚
1021 526 1114 557 quave
1127 526 1186 545 arte
1203 513 1318 546 fuissent

78 554 220 587 fabricatae
241 557 370 600 exposuit
384 581 394 593 ‚
414 555 495 587 stmul
519 561 547 587 δέ
564 558 660 588 docuit
682 569 741 587 non
763 568 827 588 raro
845 559 873 589 id
891 557 1020 589 accidisse
1040 569 1070 588 ut
1093 556 1236 599 ejusmodi
1253 569 1316 588 ma-

75 598 169 629 chinae
184 599 257 630 male
272 601 438 630 constructa·
459 601 591 630 homines
609 599 813 631 interficerent.

127 644 155 672 X
169 645 207 673 X.
251 643 442 683 Hydtaulicas
455 654 570 686 quoque
589 644 735 673 machinas
754 646 835 685 aquis
855 642 960 673 sursum
984 643 1119 674 tollendis
1144 645 1207 674 Rex
1223 646 1267 675 M.
1280 646 1314 675 B.

76 685 255 728 conspicatus
271 708 279 720 ,
302 686 338 717 de
352 689 383 716 iis
396 698 457 727 quae
478 686 513 716 ab
535 688 633 728 Equite
658 685 796 716 Motland
817 686 931 717 fuerunt
951 691 1116 729 excogitatae
1131 710 1138 721 ,
1158 699 1188 718 ac
1203 687 1238 718 de
1251 688 1315 718 aliis

75 739 139 770 quae
156 729 191 759 ab
204 728 300 770 Anglo
315 733 432 761 nomine
452 730 593 761 Gourdon
609 732 731 760 inventae
744 727 857 760 fuerunt
871 752 880 765 ‚
895 729 1018 772 quasque
1034 732 1142 761 caeteris
1157 742 1313 774 antepone-

76 768 146 807 bat,
174 771 310 803 diss'etuit.

52 818 56 822 ”
123 817 151 845 Χ
166 818 193 845 Χ
209 818 231 846 1.
270 817 350 846 Hinc
368 818 444 846 varia
461 814 658 846 machinarum
680 826 782 858 genera
800 814 989 846 subvehendis
1004 813 1180 858 ponderibus
1195 827 1314 847 accom-

75 858 191 888 modata
214 858 438 902 contemplatus,
460 863 490 889 δι
512 858 593 889 illam
611 864 735 889 maxime
755 857 770 888 ὲ
785 859 825 888 D.
845 858 973 889 Petrault
990 869 1128 902 repertam
1140 881 1149 893 ,
1166 869 1221 900 qua
1233 871 1312 902 pon..

74 899 143 931 deta
172 900 324 933 libramine
351 901 477 944 quodam
502 902 608 932 sursum
636 901 777 932 tolluntur
800 914 809 936 ⁷,
835 901 940 931 deinde
962 901 1042 932 illam
1061 912 1175 944 quoque
1199 905 1312 933 intento

76 946 175 975 animo
205 946 352 985 conspexit
376 955 438 986 quae
467 956 528 976 tum
547 947 684 987 temporis
709 944 745 975 ab
768 944 944 975 Architeckis
967 943 1157 974 adhibebatur
1179 947 1209 975 in
1228 947 1314 976 cons-

76 985 210 1018 ssruendo
226 987 302 1019 illius
324 988 390 1018 :edis
404 999 602 1018 concamerato
619 987 748 1029 fastigio,
773 999 834 1030 quae
859 988 947 1029 Regis
973 986 1203 1018 Chtistianisstmi
1228 987 1311 1019 solita

32 1057 35 1059 ,
75 1029 274 1061 munificentia
290 1034 318 1061 in
341 1030 422 1061 usum
447 1030 571 1061 militum
587 1033 636 1072 qui
659 1033 688 1060 in
711 1029 789 1061 bello
811 1030 1010 1061 membrorum
1032 1033 1105 1073 capti
1123 1034 1207 1073 regiis
1231 1032 1311 1062 sum-

75 1072 172 1115 Ptibus
191 1074 314 1112 aluntur,
328 1074 366 1104 est
378 1072 552 1104 cxaedificata
564 1096 573 1109 ,
591 1074 675 1115 idque
690 1072 823 1115 singulari
834 1073 927 1104 studio
940 1073 1121 1104 Marchionis
1135 1073 1170 1104 de
1183 1076 1311 1105 Louvois

75 1119 121 1146 cui
140 1117 260 1159 publicae
279 1118 363 1159 hujus
387 1117 490 1148 domus
512 1128 577 1146 cura
601 1117 655 1147 fuit
674 1115 688 1146 a
709 1117 789 1159 Rege
814 1116 995 1147 demandata.
1027 1119 1100 1147 Haec
1123 1118 1255 1147 machina
1271 1118 1309 1149 est

76 1159 220 1199 ejusmodi
240 1172 270 1190 ut
294 1163 336 1190 vis
354 1163 459 1191 morrix
482 1158 643 1202 longiffime
663 1159 678 1189 ὲ
701 1160 827 1202 pondere
848 1159 1032 1190 subvehendo
1046 1159 1212 1202 applicetur.

119 1203 219 1235 Pontis
247 1214 361 1245 quoque
381 1203 521 1246 portatilis
541 1202 557 1232 a
582 1204 624 1233 D.
651 1202 777 1245 Couplet
795 1204 948 1245 excogitati
968 1202 1092 1233 formam
1117 1205 1180 1233 Rex
1207 1205 1252 1234 M.
1273 1207 1307 1236 B.

73 1247 210 1288 expendit
226 1260 232 1277 :
247 1248 330 1287 hujus
352 1249 446 1289 pontis
467 1246 547 1288 supra
561 1248 738 1277 mentionem
759 1244 887 1276 fecimus.
914 1245 995 1275 Illius
1008 1257 1114 1288 partem
1133 1257 1178 1276 aut
1196 1246 1306 1289 lignum

73 1289 157 1320 miles
176 1290 267 1320 defert
289 1293 320 1320 &
339 1292 368 1319 in
392 1300 543 1320 momento
558 1292 695 1332 temporis
713 1287 798 1331 figit,
819 1288 889 1319 dum
906 1291 934 1319 in
953 1287 1034 1319 fluvii
1052 1291 1114 1332 ripa
1139 1288 1255 1321 firmum
1275 1291 1307 1322 sit

73 1331 165 1362 solum
187 1345 232 1364 aut
253 1332 359 1364 saxum.

119 1377 243 1406 XXII.
283 1377 344 1405 Rex
367 1377 413 1406 M.
440 1376 473 1406 Β.
495 1373 641 1405 occasione
668 1374 731 1405 data
760 1385 825 1405 curn
852 1374 887 1405 de
914 1374 1052 1405 machinis
1074 1372 1109 1405 ab
1133 1376 1234 1417 Equite
1262 1377 1305 1409 D.

75 1418 215 1449 Morland
236 1418 327 1449 sermo
349 1417 496 1448 haberetur
513 1440 520 1452 ‚
544 1418 611 1447 duas
637 1418 756 1460 pretulit
776 1428 921 1459 argenteas
947 1417 1064 1447 laminas
1084 1438 1092 1452 ,
1120 1416 1177 1449 fere
1195 1430 1223 1449 ut
1248 1419 1307 1450 duo

75 1463 264 1498 numismata,
284 1473 346 1504 quae
368 1473 416 1504 per
435 1460 538 1491 multas
554 1471 646 1491 aetates
665 1464 694 1491 δι
711 1459 840 1502 quolibet
856 1464 921 1491 anni
940 1460 985 1490 die
1006 1458 1151 1502 ptoptl'ito
1164 1484 1172 1495 ,
1193 1461 1308 1493 hebdo-

73 1505 164 1536 madae
178 1505 254 1536 diem
273 1506 423 1540 indicant,
442 1507 582 1546 unajuxta
600 1504 748 1546 julianum
763 1525 770 1538 ‚
791 1503 876 1534 altera
887 1507 963 1546 juxta
977 1504 1185 1545 Gregotianum
1200 1505 1308 1536 Calen-

73 1546 242 1579 lendarium.
271 1548 326 1579 Sed
351 1551 468 1590 iplemet
488 1549 609 1577 advertit
631 1548 815 1591 posteriotcm
836 1546 895 1577 usui
922 1546 974 1576 effe
1003 1558 1061 1575 non
1087 1545 1163 1588 posse
1180 1571 1188 1583 ‚
1212 1548 1306 1591 elapso

73 1590 130 1621 hoc
148 1592 276 1634 ptaescnti
298 1592 399 1622 saeculo
415 1617 422 1629 ‚
444 1590 521 1634 quod
543 1590 620 1621 illius
642 1592 696 1622 dici
721 1593 771 1633 qui
786 1601 902 1621 exeunte
916 1589 1017 1620 saeculo
1032 1588 1229 1622 subducendus
1247 1593 1304 1628 est,

73 1633 170 1666 habita
186 1639 255 1666 tatio
275 1647 334 1665 non
355 1634 448 1665 fucrit.
475 1634 563 1677 quue
584 1635 624 1664 D.
639 1633 756 1664 Cass'tno
774 1634 893 1676 praebuit
911 1631 1090 1664 occasionem
1109 1632 1143 1662 de
1163 1634 1256 1665 tabula
1270 1636 1306 1666 ab

73 1687 109 1706 eo
129 1679 285 1710 consttuc‘ta
306 1676 458 1709 differendi
475 1699 484 1712 ,
505 1689 590 1718 quam
616 1680 643 1707 in
665 1677 746 1708 usum
763 1688 931 1718 perpetuum
953 1675 1117 1706 Calendatii
1134 1677 1306 1721 Gttgoriani

72 1724 213 1763 pertexuit
227 1745 236 1756 ,
253 1723 324 1752 hanc
339 1722 431 1763 postea
453 1721 551 1762 Regiae
575 1721 713 1762 Mijcstm
735 1719 849 1750 obtulit.

108 1766 227 1794 XXIII.
255 1767 332 1796 Cum
352 1765 514 1795 Mcridiana
534 1765 647 1794 instaret
667 1765 737 1793 hora
755 1763 789 1793 ad
805 1765 921 1794 Turrim
936 1763 1158 1794 occidentalem
1179 1762 1305 1795 secunda:

73 1810 160 1849 partis
185 1808 288 1838 aedium
310 1811 381 1839 itum
410 1808 448 1838 est
463 1830 472 1841 ,
499 1811 526 1837 in
547 1818 603 1849 qua
622 1818 681 1837 crat
702 1805 846 1849 speculum
870 1807 1005 1837 ustotium
1026 1806 1062 1837 ab
1083 1807 1221 1838 industrio
1236 1811 1305 1838 atti-

74 1849 128 1880 fiee
152 1851 192 1882 D.
215 1851 334 1882 Villette
358 1850 529 1881 fabricatum
543 1873 552 1886 ,
576 1861 725 1893 argentum
747 1854 776 1881 in
796 1851 862 1880 foco
890 1849 994 1894 speculi
1016 1853 1045 1881 in
1067 1861 1217 1882 momento
1234 1861 1304 1893 pene

75 1893 169 1924 fusum
193 1894 238 1924 cst.

117 1941 144 1968 X
158 1939 260 1969 XIV.
295 1937 484 1968 Instrumenta
501 1936 515 1967 ὲ
536 1938 576 1971 D,
594 1935 726 1968 Sedileau
749 1947 907 1981 praeparara
924 1938 988 1967 Rex
1005 1937 1049 1967 M.
1068 1937 1100 1965 13.
1120 1934 1215 1965 invisit
1227 1947 1304 1966 tuni-

73 1991 129 2022 quc
146 1980 296 2012 altitudine
321 1980 396 2011 Solis
415 1981 578 2011 Meridiana
601 1979 748 2023 explorata
765 2003 774 2015 ,
795 1981 829 2011 nd
845 1993 907 2011 eam
930 1979 1073 2023 portatilia
1091 1978 1136 2007 sua
1152 1979 1305 2021 horologia

75 2028 167 2067 excgit
192 2036 199 2059 ς
227 2035 315 2054 unum
340 2035 373 2054 ex
399 2026 433 2054 iis
453 2025 591 2066 quiddam
618 2024 756 2066 singulare
782 2024 867 2055 habet
892 2035 951 2066 quo
976 2023 1052 2053 horae
1079 2025 1107 2051 ἃ
1134 2021 1306 2062 quadrantes

76 2066 213 2099 horaium
235 2070 305 2099 cina
320 2067 466 2110 strepitum
488 2070 624 2100 iterantur
637 2090 646 2104 ,
664 2066 713 2099 ubi
726 2079 803 2099 certo
817 2071 846 2098 in
864 2066 929 2098 loto
943 2066 1033 2109 digito
1047 2067 1195 2108 premitur.
