1638 2345
303 95 596 127 ACADEMlAE
630 93 1120 126 HISTORIA.L1n.1v.
1248 107 1302 135 31

69 148 219 174 accurate,
242 149 273 170 ut
295 139 424 170 ferebant
446 151 479 171 ea
500 150 628 183 tempora
650 161 660 175 ‚
690 137 744 169 fuit
764 136 893 168 definita.
916 136 1004 169 Unde
1019 140 1092 169 inter
1115 149 1216 169 omnes
1236 110 1306 182 pe9ne
1321 138 1423 178 Astro-

70 182 278 225 Chronologos
298 186 356 225 jam
379 183 486 215 constat
509 193 615 214 annum
633 185 760 227 primum
773 180 933 213 Alexandri
950 182 1050 212 Severi
1064 181 1192 212 incidere
1204 186 1234 212 in
1256 195 1305 214 an·
1322 184 1424 212 vomica

70 237 141 257 num
157 237 212 257 222
229 227 244 256 ὲ
263 228 408 258 nativitate
430 227 538 258 Christi
550 249 560 262 ‚
580 225 629 257 etsi
644 225 773 269 plerique
788 224 1019 267 Chronologistae
1033 224 1068 255 ad
1082 236 1189 256 annum
1202 226 1310 257 Christi

72 280 129 310 224
149 281 214 301 eum
236 282 344 302 annum
362 269 564 314 produxerint.
585 272 666 302 Nam
681 269 745 300 Idus
759 268 869 312 Aprilis
882 291 892 305 ‚
914 268 960 299 scu
974 268 1035 299 dies
1056 279 1090 308 ¹3
1111 269 1194 309 hujus
1209 270 1310 301 mensis

70 323 134 344 tum
152 313 199 345 die
222 313 338 345 Sabbati
358 325 417 344 non
434 314 595 345 inciderunt
608 312 659 345 nifi
673 315 755 344 annis
772 318 834 344 216
848 335 858 349 ‚
883 323 945 344 222
959 335 969 348 ,
997 315 1028 343 ὃ(
1051 323 1115 350 23¹·
1141 314 1237 354 Atque
1256 313 1312 345 hoc

71 356 134 399 ipso
155 368 230 388 anno
255 368 307 389 222
326 357 420 387 media
435 359 522 388 Lunae
535 369 600 388 cum
615 356 682 389 Sole
698 358 869 398 conjunct-io
882 356 929 387 die
946 368 980 395 30
1003 357 1130 392 Martii,
1152 366 1255 400 nempe
1273 369 1309 397 14

71 399 172 431 diebus
190 412 255 432 ante
276 401 354 432 diem
377 412 410 440 13
429 400 538 445 Aprilis
553 403 683 444 contigit.
702 399 904 442 Qamobtem
927 399 987 430 dies
1007 398 1057 430 ille
1076 400 1180 429 merito
1195 411 1252 442 pro,
1266 400 1312 431 die

76 453 115 483 14
138 445 224 474 Lunae
246 445 318 475 sumi
339 446 454 487 potuit,
477 456 538 487 quae
559 448 639 486 juxta
657 445 809 474 Canonem
834 443 863 474 S.
889 442 1051 486 Hyppoliti
1072 454 1133 472 non
1147 445 1240 485 potuit
1261 444 1315 475 alia

71 486 119 517 die
132 486 249 518 Sabbati
259 510 268 523 ,
285 491 314 518 Sc
327 489 372 519 die
387 500 416 529 ¹3
433 489 541 530 Aprilis
556 499 704 518 occurrere
715 509 724 523 ‚
736 485 785 517 nisi
798 493 831 529 56
842 490 923 518 annis
937 486 983 517 vel
997 497 1061 516 anre
1073 508 1083 521 ,
1103 485 1149 516 vel
1162 487 1223 529 post
1237 487 1313 518 hunc

74 541 193 562 annum.
209 533 306 574 Itaque
321 543 411 562 annus
425 532 532 562 Christi
548 543 601 562 222
612 531 688 562 idem
699 530 752 562 fuit
764 534 875 574 primus
889 529 1045 561 Alexandri
1060 531 1243 573 Imperatoris
1256 553 1265 567 ,
1281 534 1314 562 &

73 576 183 618 primus
209 573 295 615 Cycli
317 577 344 604 S.
368 574 531 618 Hyppoliti.

120 618 182 648 IV.
221 620 325 660 Neque
340 619 455 661 Epotln
476 630 536 649 tum
556 619 648 659 aptior
667 615 843 648 Calendario
858 618 994 648 Romano
1009 616 1087 660 seligi
1101 619 1195 661 potuit
1211 630 1218 647 z
1234 618 1314 649 Nam

74 663 183 704 primns
204 661 264 691 dies
283 664 349 691 anni
379 673 433 690 227.
455 661 533 692 idem
562 659 615 691 fuit
641 663 748 703 primus
770 663 880 696 Lunae,
904 660 949 692 scu
971 664 1079 705 primus
1102 661 1162 703 post
1187 661 1314 692 mediam

74 706 310 745 conjunctionem
334 707 420 736 Luna:
440 716 504 736 cum
525 703 592 735 Sole
615 729 623 742 ‚
650 715 712 747 quae
739 704 828 747 pridie
851 707 1021 747 contigerat.
1060 705 1155 745 Atque
1175 704 1242 734 hinc
1264 715 1316 735 nu-

75 747 214 777 merando
235 747 344 778 menses
361 751 486 779 Lunares
501 747 661 778 alternatim
682 746 792 789 plenos·
808 759 845 788 30
857 772 866 784 ,
889 751 918 778 ἃ·
939 759 1024 777 cavos
1044 760 1082 787 29
1098 748 1207 778 dierum
1219 770 1228 782 ‚
1245 758 1317 778 con-

74 792 237 831 junctiones
253 790 399 833 sequentes
423 802 576 823 occurrunt
589 813 598 826 ‚
627 803 661 830 30
679 791 808 832 Januarii
823 813 831 827 ,
855 793 889 822 28
910 790 1079 826 Februarii,
1099 794 1128 821 δέ
1149 802 1181 829 30
1203 792 1316 822 Martii.

77 835 124 864 Sic
142 837 250 876 primus
272 835 332 865 dies
351 837 454 866 Martii
470 857 480 870 ‚
504 835 581 865 idem
606 844 721 876 quoque
744 832 799 864 fuit
819 836 927 876 primus
955 835 1041 864 Lunae
1055 856 1063 868 ‚
1088 834 1167 876 quod
1193 834 1317 876 Epochae

75 876 216 908 calculum
232 878 339 921 praebct
356 877 597 921 percommodum
614 899 623 913 ,
644 888 675 907 ut
697 876 843 918 sequentes
865 876 1024 907 lunationes
1049 876 1133 906 facile
1145 877 1317 908 determina-

77 923 100 950 ri
119 919 223 963 poffint
246 933 279 951 ex
304 921 408 952 tabulis
426 922 651 952 Astronomicis.
682 921 740 950 Die
763 922 795 950 28
818 918 963 950 februarii
983 931 1037 950 una
1060 919 1130 950 hora
1145 931 1208 950 ante
1230 923 1319 950 meri-

76 963 156 994 diem
183 967 213 995 δε
238 975 256 1001 7
277 967 396 996 minutis
419 966 524 996 Romae
543 966 674 1006 contigit.
702 965 775 1005 Qae
798 963 913 1006 Epocha
936 974 993 992 non
1011 965 1107 993 minus
1127 973 1192 1006 apta
1204 962 1241 992 est
1257 964 1319 994 Ca-

77 1006 206 1037 leudaiio
220 1009 355 1039 Romano
365 1031 374 1044 ,
389 1008 476 1051 quam
490 1020 521 1038 ea
531 1019 594 1051 quae
606 1005 710 1049 aJuIio
723 1005 835 1038 Catsare
853 1005 954 1037 selecta
968 1007 1004 1036 est
1019 1017 1095 1036 anno
1108 1017 1152 1048 44
1167 1017 1231 1036 ante
1243 1008 1320 1049 Epo·
1388 1040 1391 1044 ,

77 1051 162 1080 <Imm
176 1051 293 1082 Christi.
314 1053 442 1092 deo
459 1063 565 1082 annum
579 1052 747 1081 Romanum
766 1070 774 1085 ‚
796 1051 846 1091 qui
861 1060 919 1079 erat
934 1048 1135 1080 Luni-Solaris
1147 1072 1158 1085 ,
1172 1049 1207 1080 ad
1229 1050 1319 1080 Sola·
1354 1079 1359 1083 ,
1391 1061 1396 1068 ¹

77 1103 138 1124 rem
156 1093 314 1138 simplicem
329 1095 436 1138 redegit
451 1118 460 1131 ‚
474 1106 596 1137 eumque
612 1093 711 1125 diebus
727 1100 782 1135 365
797 1097 813 1141 -ζ
842 1093 997 1125 constituit.
1034 1093 1165 1124 Primum
1180 1104 1286 1124 annum
1303 1093 1320 1123 a

79 1140 197 1173 solstitio
218 1143 356 1174 Hvemali
370 1140 517 1174 numerare
534 1142 665 1186 potuisset
680 1165 690 1178 ‚
711 1142 787 1173 unde
803 1143 949 1183 sequentes
968 1145 1035 1172 anni
1048 1140 1229 1184 incoepissent
1249 1155 1254 1172 z
1272 1141 1319 1172 sed

80 1184 180 1216 maluit
200 1186 294 1217 Caesar
316 1189 440 1230 primum
459 1198 564 1217 annum
585 1187 688 1217 ducere
710 1186 725 1215 Ξι
742 1186 835 1216 media
856 1188 941 1216 Luna:
961 1195 1026 1215 cum
1044 1184 1111 1215 Sole
1136 1186 1320 1226 conjunctio.

80 1239 115 1258 ne
129 1250 137 1262 ,
162 1240 193 1260 ut·
217 1241 250 1260 ex
274 1230 326 1261 hac
348 1231 464 1273 Epocha
485 1230 545 1261 dies
572 1232 658 1261 Lunae
673 1252 682 1265 ,
702 1228 806 1272 quibus
827 1227 1028 1270 consequentes
1049 1231 1115 1258 anni
1136 1230 1317 1270 inciperent,

78 1270 191 1302 facilius
209 1272 389 1304 haberentur.
423 1275 499 1304 Inter
524 1274 672 1316 Epocham
687 1271 760 1314 Julii
782 1271 901 1303 Caesaris
929 1282 1006 1302 anno
1024 1283 1068 1313 44
1085 1282 1149 1302 ante
1171 1272 1319 1302 Christum

81 1317 112 1344 ὃ(
131 1316 278 1358 Epocham
300 1319 330 1348 S.
357 1315 514 1360 Hyppoliti
533 1339 543 1352 ‚
565 1327 627 1357 quae
650 1326 703 1344 ιιι
727 1317 788 1358 post
816 1314 968 1343 Christum
986 1315 1088 1346 accidit
1108 1337 1117 1349 ‚
1140 1315 1319 1346 intercedunt

82 1363 141 1390 266
163 1362 256 1394 anni,
279 1371 403 1402 quorum
427 1362 535 1402 primus
558 1357 609 1388 fuit
631 1357 783 1388 Biffextilis
800 1380 808 1393 ,
842 1357 998 1399 postremus
1024 1357 1040 1387 ὲ
1059 1357 1198 1387 Biffextili
1217 1357 1320 1388 secun-

81 1400 146 1432 dus.
171 1403 211 1431 Ex
231 1401 334 1433 tabulis
357 1403 564 1433 Astronomicis
587 1399 709 1443 liquebit
728 1402 909 1431 novi-Limia
926 1402 993 1429 anni
1010 1411 1067 1439 227·
1086 1400 1148 1443 post
1170 1401 1319 1431 Christum

81 1455 250 1486 praevertere
271 1448 451 1477 novi-Lunia
473 1448 539 1475 anni
568 1455 611 1482 44
635 1455 698 1474 ante
722 1444 869 1475 Christum
884 1468 892 1479 ,
920 1445 971 1486 qui
996 1443 1084 1487 vulgo
1111 1442 1232 1474 habetur
1253 1457 1317 1487 45,

82 1489 151 1517 oeto
171 1487 271 1523 horis,
296 1493 325 1520 &
354 1501 385 1522 21
406 1492 533 1519 minutis.

135 1535 175 1563 V.
214 1533 259 1562 Est
274 1533 359 1575 igitur
373 1544 476 1574 magna
490 1531 619 1574 quaedam
645 1529 777 1574 periodus
799 1533 872 1562 inter
887 1530 1034 1574 Epocham
1057 1528 1129 1571 julii
1147 1528 1266 1560 Caesaris
1288 1533 1320 1562 δε

84 1574 236 1616 Epocham
257 1578 284 1606 S.
305 1577 461 1619 Hyppoliti
476 1598 485 1611 ‚
507 1586 593 1617 eaque
612 1575 649 1606 est
665 1580 721 1606 266
743 1585 897 1605 annorum.
923 1576 995 1604 Haec
1014 1574 1121 1604 constat
1144 1585 1177 1613 14
1196 1573 1321 1616 periodis

87 1627 123 1657 19
146 1629 288 1650 annorum
303 1641 312 1654 ‚
332 1619 379 1650 scu
396 1619 486 1650 tribus
509 1617 635 1661 periodis
655 1617 772 1661 Calippi
786 1640 794 1653 ,
816 1629 938 1659 quarum
956 1615 1070 1659 fingulae
1093 1616 1155 1647 sunt
1170 1623 1211 1657 76
1229 1629 1323 1647 anno-

85 1671 151 1691 rum
163 1683 173 1697 ‚
194 1673 290 1704 eaeque
314 1674 343 1699 ¹9
370 1674 460 1693 annos
479 1661 632 1693 bilsextiles
649 1663 808 1694 continent.
832 1660 970 1693 Periodus
987 1660 1103 1703 quidem
1119 1672 1154 1696 19
1169 1673 1322 1697 annorum,

85 1715 150 1746 quae
182 1705 331 1736 novilunia
356 1706 391 1737 ad
423 1705 537 1737 eosdem
562 1705 622 1736 dies
650 1707 717 1735 anni
741 1703 850 1736 Soloris
876 1714 989 1735 revocat
1008 1726 1016 1738 ,
1043 1716 1161 1748 quaeque
1186 1704 1324 1735 Methoni

86 1749 254 1780 Atheniensi
270 1748 357 1780 tribui
379 1749 448 1780 soler
463 1776 470 1785 ‚
490 1749 574 1793 longe
594 1760 658 1780 ante
674 1760 705 1778 ea
728 1759 857 1792 tempora
879 1758 946 1778 rota
965 1746 1042 1782 fuit,
1071 1759 1161 1790 neque
1177 1747 1248 1778 adeo
1266 1758 1325 1778 erat

88 1791 186 1822 saneto
202 1792 313 1835 praesuli
331 1796 477 1836 incognita
491 1816 499 1829 ‚
523 1793 571 1824 etsi
588 1805 618 1823 ea
639 1792 676 1822 est
694 1791 787 1822 multo
809 1794 964 1822 accuratior
988 1804 994 1821 :
1017 1790 1093 1821 unde
1107 1790 1183 1821 illius
1199 1802 1324 1821 tantum-

90 1835 180 1865 modo
201 1839 343 1868 meminit.
367 1837 457 1878 Qod
471 1840 547 1866 enim
559 1840 597 1867 ait
611 1839 639 1866 in
656 1835 717 1879 ipso
731 1834 814 1865 titulo
832 1838 924 1876 quarti
947 1833 1088 1865 Paschatis
1105 1847 1112 1865 z
1137 1837 1170 1864 In
1183 1835 1323 1877 praeteritir

89 1886 178 1908 autem
194 1880 282 1909 evenit
298 1902 306 1914 ,
322 1881 395 1920 ficut
412 1879 556 1910 indicatum
573 1879 608 1919 est
622 1905 631 1918 ,
646 1890 751 1922 magno
766 1878 795 1909 id
814 1879 851 1908 cst
868 1888 1036 1921 argumento
1049 1890 1114 1908 eum
1129 1877 1253 1918 Cyclum
1267 1880 1325 1917 jam

91 1932 156 1951 ante
175 1925 203 1951 in
224 1921 273 1952 usu
291 1922 371 1954 fuiffe
391 1937 399 1955 ι
419 1923 447 1954 id
468 1926 546 1953 enim
562 1925 676 1955 evenire
696 1933 756 1953 non
774 1924 866 1965 potuit
883 1947 892 1958 ,
913 1921 963 1952 nisi
982 1922 1038 1951 hoc
1059 1920 1153 1962 Cyclo
1170 1943 1179 1955 ,
1200 1919 1246 1951 vel
1268 1919 1325 1950 alio

92 1964 221 2006 ejusdem
240 1969 358 1997 rationis
376 1967 520 2011 usurpate.

143 2007 269 2050 Reliqua
291 2012 452 2041 omittimus
475 2010 524 2041 ubi
545 2013 671 2054 priorem
695 2008 821 2040 tribul-tm
845 2010 875 2039 S.
891 2007 1049 2051 Hyppoliti
1070 2006 1104 2038 ad
1120 2006 1260 2036 calculum
1285 2017 1330 2038 re-

96 2062 179 2082 vocat
197 2074 206 2087 ,
230 2055 261 2082 δέ
281 2056 354 2084 inito
375 2052 485 2084 calculo
501 2054 623 2085 ostendit
643 2053 814 2083 methodum
827 2053 1034 2093 Gregoriauam
1053 2061 1117 2080 cum
1130 2062 1256 2081 veterum
1271 2062 1333 2081 me-

94 2094 186 2127 thodo
202 2098 233 2126 in
249 2095 303 2128 hoc
322 2098 475 2129 convenire
494 2119 504 2132 ,
522 2096 601 2139 quod
618 2100 648 2127 in
668 2106 785 2138 utraque
799 2097 909 2139 primus
926 2095 985 2126 dies
1007 2097 1094 2127 Lnnae
1108 2093 1252 2126 censeatur
1273 2104 1332 2125 non
