1638 2345
299 77 597 113 'ACADEM1AE
623 78 909 112 HrST-oRxA.
949 80 1109 114 L12.11.
1249 87 1307 121 '189

78 123 201 156 fluorum
234 133 428 156 extremorum
460 128 573 157 termini
602 122 733 156 radicalis
760 123 902 167 produe‘to
927 122 1051 157 differat.

1346 128 1419 159 Dio-'

1084 182 1101 202 2
1114 182 1133 200 o
1147 192 1158 206 ‚
1187 182 1219 212 30
1237 194 1247 208 ,
1274 184 1306 213 50
1319 174 1417 216 ptricae.

1133 222 1150 251 9
1168 226 1186 244 0
1205 226 1225 244 0

1115 267 1127 286 Χ
1145 270 1163 287 0
1179 270 1197 287 0
1215 270 1233 288 0

75 300 216 329 terminus
239 296 369 329 radicalis
396 299 434 330 est
464 310 498 329 ro
521 297 690 343 quadratum
711 302 772 342 ejus
803 310 863 331 100
894 298 1057 330 differentia
1085 299 1230 344 utriusque
1255 313 1305 332 ex-

75 350 234 372 tremorum
257 341 397 384 quadrati.

117 384 272 416 Consimili
295 388 404 416 ratione
424 386 484 418 alix
507 387 589 428 hujus
611 385 814 429 progressionis
833 384 999 417 affeffiones
1019 385 1217 428 explicantur:
1240 397 1307 417 nam»

72 426 242 469 quadratum
261 428 360 460 radicis
377 429 443 460 loco
464 432 579 461 unitatis
602 429 770 471 ponendum
787 430 836 460 est.
857 430 910 460 Ista
931 428 1015 471 paulo
1037 429 1151 460 uberius
1175 429 1238 460 sunt
1256 442 1307 460 ex-

72 467 177 512 plicata
189 493 199 507 ‚
219 472 296 514 quod
315 472 463 504 intellectu
475 474 528 504 fint
546 473 673 504 faciliora
682 475 787 516 quique
804 474 867 504 sunt
881 471 916 503 ab
935 473 979 502 his
993 471 1152 517 disciplinis
1166 472 1306 510 instrueti,

71 513 214 556 ejusmodi
235 515 439 559 speculationes
458 528 516 547 non
532 516 658 548 oderint.

123 559 161 588 V.
206 560 280 601 Qae
306 558 343 590 ad
362 560 545 603 Dioptticam
564 563 708 603 pertinent
732 563 870 604 praecipua
896 563 926 592 in
945 561 1066 590 metatu
1085 557 1135 590 suo
1153 570 1185 591 ea
1213 559 1250 592 de
1276 571 1307 593 te

70 597 255 638 elucubrate,
270 605 375 646 quique
391 604 485 646 postea
502 606 576 646 typis
598 602 747 633 mandatus
766 604 804 634 est
822 605 861 634 D.
877 605 1000 646 Hugens
1022 602 1162 645 exposuit.

124 643 222 675 Multa
237 656 352 688 quoque
375 647 390 676 ἑ
413 647 453 676 D.
478 648 519 678 D.
545 647 683 677 Mariotte
706 648 737 677 δέ
759 646 837 677 dela
862 648 935 676 Hire
956 649 1031 676 circa
1052 644 1238 678 refractione-z
1260 646 1306 678 lu-'

70 687 158 717 minis
176 686 238 719 sunt
253 688 412 723 observata.
437 688 514 723 Illud
532 692 672 734 imprimis
690 688 779 732 posita
794 688 963 721 refractione
979 688 1125 719 radiorum
1144 699 1178 719 ex
1195 692 1258 720 ae‘re
1273 693 1304 721 in

67 739 172 773 aquam
194 731 399 765 transeuntium
410 755 420 770 ‚
437 744 467 765 ut
482 745 501 772 4
516 733 551 765 ad
570 745 604 773 3,
621 731 771 776 Angulum
794 733 878 764 iridis
899 744 937 771 42
955 731 1035 777 grad.
1048 734 1079 763 &
1096 742 1138 768 40
1154 735 1227 763 min.
1249 732 1304 764 effe

67 783 212 816 oportere.

108 818 175 849 'VL
211 818 270 849 Die
294 828 327 849 ιι
354 821 427 851 Maii
455 821 495 852 D.
516 819 617 852 Picard
635 823 785 852 trastatum
805 818 884 850 suurn
900 818 935 851 de
952 818 1125 862 Telescopio
1139 818 1232 862 legere
1256 821 1304 851 in*

67 863 170 903 coepit.
196 861 274 893 Illud
289 865 424 906 principii
441 862 508 894 loco
529 864 623 895 statuit
638 865 732 895 radios
750 874 850 894 omnes
867 862 904 894 ab
920 862 1023 894 eodem
1037 865 1095 894 axis
1113 865 1219 907 puncto
1233 875 1303 907 pro-

67 901 188 935 deuntes
205 908 235 936 in
256 905 435 948 superficiem
452 909 520 938 vitri
540 910 663 939 convexi
676 907 712 938 sic
733 906 857 938 incidere
872 928 882 941 ‚
902 917 932 937 ut
950 908 979 936 in
995 905 1071 937 idem
1086 907 1225 947 pometum
1241 906 1299 937 foci

68 956 127 976 non
147 951 249 980 coe'ant
261 971 271 984 ,
287 948 334 979 sed
352 952 402 993 qui
420 962 508 994 prope
523 961 683 982 eXtremum
705 952 772 982 vitri
786 953 943 992 marginem
957 949 1110 984 incidunt,
1130 952 1212 980 citius
1226 961 1300 981 con-

67 999 185 1022 currunt
199 1014 209 1028 ‚
228 1004 314 1036 quam
334 996 384 1035 qui
401 993 510 1025 medias
532 996 599 1025 vitri
615 1005 706 1037 partes
726 1004 875 1036 penetrant
893 996 971 1036 juxta
991 1004 1052 1023 eam
1073 991 1198 1034 regulam
1211 1016 1219 1028 ‚
1243 1004 1298 1037 qua

65 1036 231 1077 anticipatas
249 1035 312 1067 illas
329 1036 471 1067 co'r'tiones
489 1035 543 1067 esse
562 1040 593 1068 in
608 1040 715 1068 ratione
731 1035 839 1067 sinuum
856 1035 1002 1068 versorum
1018 1035 1202 1066 demonstrat.

110 1078 182 1118 Qo
203 1090 297 1110 autem
313 1082 334 1110 ii
356 1079 542 1111 excludantur
566 1080 638 1111 radii
660 1083 708 1124 qui
730 1083 810 1111 citius
830 1089 915 1120 quam
934 1090 982 1122 par
1003 1077 1035 1110 fit
1049 1101 1056 1112 ‚
1080 1078 1105 1108 se
1127 1090 1226 1109 mutuo
1248 1081 1297 1109 in-

66 1119 224 1158 tersecant,
246 1126 276 1154 ὅ(
295 1126 324 1153 in
343 1122 409 1154 foco
428 1135 491 1154 eam
506 1122 634 1155 efficiunt
650 1122 847 1154 confusionem
859 1144 869 1157 ,
891 1123 948 1165 qui
970 1125 1009 1152 rei
1025 1120 1144 1162 objeetae
1158 1124 1250 1164 imago
1264 1121 1297 1153 fit

65 1163 216 1207 depravata
242 1177 250 1200 ·,
271 1177 353 1209 atque
375 1177 405 1196 ut
423 1166 492 1197 basis
511 1166 559 1197 illa
572 1179 710 1211 quantum
725 1165 786 1196 fieti
804 1166 893 1208 potest
907 1191 916 1204 ,
933 1166 1118 1196 contrahatur
1130 1190 1138 1201 ,
1161 1168 1191 1196 &
1211 1166 1297 1196 instar

64 1210 164 1249 punisti
185 1207 340 1244 habeatur,
363 1213 429 1241 vitri
444 1210 582 1251 objee‘kivi
597 1223 629 1241 ea
648 1220 757 1241 tantum
775 1220 903 1252 apertura
923 1207 976 1239 effe
1000 1208 1084 1239 debet
1105 1218 1167 1251 quae
1188 1208 1296 1239 oculati

65 1261 141 1281 cetra
160 1255 347 1295 proportione
366 1253 543 1295 relpondeat.

106 1295 185 1325 Tum
203 1298 328 1327 minores
343 1295 425 1327 tubos
441 1307 505 1327 cum
521 1295 677 1337 majoribus
697 1294 862 1331 contendit,
877 1306 996 1339 quaeque
1017 1295 1168 1337 objccstivis
1182 1306 1295 1338 apertu·-

63 1348 101 1367 rae
116 1337 169 1368 sint
187 1337 381 1382 relinquendae
394 1362 402 1375 ,
426 1341 600 1380 geometrice
612 1339 795 1371 demonstrat.

109 1380 169 1411 Sub
190 1381 267 1412 idem
287 1394 396 1426 tempus
421 1384 461 1414 D.
484 1385 621 1414 Mariotte
641 1383 770 1425 exposuit
790 1381 919 1424 quaedam
941 1385 1006 1413 vitri
1026 1385 1147 1412 convexi
1171 1382 1291 1424 phaeno⁴

62 1435 167 1458 mena,
186 1423 257 1455 illud
277 1428 418 1467 imprimis
441 1438 449 1460 ⁴,
469 1426 580 1457 solares
598 1426 690 1456 radios
714 1424 936 1468 pertranseuntes
957 1429 1062 1457 vitrum
1079 1429 1109 1456 δε
1131 1425 1287 1456 obscuriori

62 1465 128 1497 loco
143 1467 237 1498 charta
254 1468 373 1500 candidi
385 1480 516 1513 exceptos
527 1492 536 1504 ‚
557 1481 618 1512 quse
632 1473 705 1500 inter
718 1472 823 1500 virtum
836 1473 866 1500 ὃ(
883 1469 979 1499 focum
994 1470 1062 1499 vitri
1074 1471 1266 1512 interponitur
1279 1481 1288 1504 5

60 1511 92 1540 in
118 1511 219 1541 chartae
237 1510 328 1543 limbo
353 1512 449 1543 colore
470 1513 558 1543 rubeo
575 1516 645 1554 tingi
662 1535 670 1547 ‚
691 1512 764 1543 ultra
780 1515 847 1542 vitri
870 1512 967 1542 focum
990 1511 1122 1542 cztiuleos
1144 1523 1287 1554 apparere.

62 1553 153 1592 Qod
174 1553 194 1584 si
212 1557 316 1586 vitrum
335 1566 442 1598 tegatur
458 1567 576 1599 excepto
589 1555 764 1586 foraminulo
778 1554 871 1586 versus
884 1554 1005 1585 limbum
1017 1578 1026 1589 ‚
1040 1554 1112 1585 ultra
1129 1553 1225 1584 focum
1240 1567 1287 1585 ru-

60 1595 131 1626 beus
144 1597 225 1628 color
237 1598 330 1629 versus
344 1611 433 1642 partes
445 1602 594 1631 interiores
606 1622 614 1634 ‚
629 1599 763 1629 caeruleus
780 1597 873 1629 versus
887 1602 1040 1629 exteriores
1053 1597 1206 1640 apparebit.
1221 1598 1287 1629 Alia

61 1651 175 1683 quoque
194 1643 331 1681 prismatis
355 1643 543 1685 pliaenomena
559 1643 762 1674 demonstravit
781 1653 842 1685 quae
859 1645 887 1674 in
909 1641 957 1672 suo
979 1642 1013 1673 de
1029 1640 1174 1673 coloribus
1195 1652 1288 1673 tenta-

61 1685 139 1714 mine
156 1683 240 1715 fufius
261 1684 324 1716 sunt
341 1686 488 1728 explicata.

108 1728 132 1755 V
145 1729 157 1756 Ι
172 1730 195 1759 1.
228 1730 270 1759 Ac
289 1729 323 1759 de
340 1731 516 1760 mechanicis
528 1729 644 1772 quidem
663 1742 726 1761 cum
742 1729 778 1760 de
792 1728 939 1760 libellandi
959 1739 1016 1760 arte
1027 1741 1172 1772 ageremus
1183 1752 1193 1765 ,
1214 1742 1287 1761 non-

64 1768 140 1800 nulla
168 1772 300 1804 diximus.
335 1773 398 1803 Alia
425 1773 544 1816 quidem
574 1773 669 1804 libella
692 1773 707 1802 ὲ
741 1775 875 1804 Domino
905 1772 1031 1815 Conplet
1062 1773 1115 1804 fuit
1148 1773 1287 1816 proposita

63 1813 112 1843 usu
133 1813 222 1845 facilis
246 1819 274 1846 ὃ(
292 1827 436 1855 accurata,
456 1816 616 1847 dummodo
638 1817 673 1847 ad
686 1828 817 1847 normam
839 1819 964 1859 exigatur
977 1839 985 1852 ,
1011 1820 1040 1848 &
1056 1820 1113 1847 axis
1127 1816 1284 1861 Telescopii

63 1856 140 1887 suam
163 1858 351 1889 dittstionem
373 1871 431 1890 non
447 1871 547 1891 mutet.
575 1862 653 1890 Tum
671 1871 738 1890 vero
761 1861 801 1889 D.
824 1860 924 1891 Picard
946 1862 1087 1891 rationem
1104 1863 1211 1903 aperuit
1232 1871 1286 1902 qua

62 1899 238 1941 dignoscitur
253 1913 286 1932 an
307 1901 387 1933 filum
403 1903 465 1933 tubi
482 1903 552 1933 bene
570 1902 601 1933 sit
623 1902 743 1945 positum
767 1905 795 1934 in
817 1903 893 1933 foco.

96 1946 121 1973 V
134 1947 144 1974 Ι
157 1947 166 1974 1
181 1947 202 1975 Ι.
230 1945 381 1977 D.C:rllini
395 1947 578 1988 horologium
593 1945 723 1989 portatile
737 1945 773 1976 fic
788 1945 1003 1978 conficiendum
1014 1950 1122 1978 curavit
1132 1955 1162 1976 ut
1176 1945 1289 1988 penduli

62 1988 127 2018 loco
156 1987 304 2030 plumbum
331 1989 484 2032 appensum
512 1989 578 2021 addi
604 1989 649 2020 vel
670 1990 748 2021 demi
768 1988 850 2020 facile
880 1989 963 2033 poffit
979 2013 987 2026 ,
1014 1990 1115 2020 codem
1141 1989 1289 2030 horologii

64 2032 195 2075 aequabili
219 2044 298 2062 motu
327 2043 467 2062 nnnc-nte.

109 2079 248 2120 Expertus
268 2087 362 2107 auttm
385 2075 421 2106 est
440 2075 575 2119 capillum
602 2087 669 2107 rotae
690 2075 809 2108 libratili
831 2088 864 2107 ex
889 2088 943 2107 tina
971 2087 1047 2119 parte
1073 2075 1234 2116 illigatum,
1259 2085 1291 2104 cx

1015 2121 1036 2148 A
1052 2130 1065 2147 ,ι
1101 2121 1130 2159 iij
