1638 2345
309 92 608 123 ACADEMIAE
654 93 937 124 HISTORIA
973 94 1056 125 Lm.
1091 95 1115 126 1.
1290 106 1317 133 35

95 134 313 177 comprobavit,
347 135 430 166 salem
452 134 542 166 fixum
563 135 690 178 lapidum
715 138 745 167 8(
764 139 954 167 concretionis
974 139 1165 179 principium,
1188 147 1218 167 ut
1237 147 1316 168 com·
1338 135 1439 178 Physt-

95 180 235 221 pastionis
254 181 282 208 in
305 178 553 209 substruffion'ibus
576 178 750 210 effectricem
772 179 882 210 causam
904 191 963 209 non
984 178 1148 214 inficiatus,
1171 179 1242 209 illud
1267 193 1316 222 op·
1336 190 1376 211 cn.

95 221 176 252 taffet
195 244 202 257 ,
238 233 267 252 ut
290 222 372 263 hujus
406 221 467 252 salis
493 222 573 252 dotes
598 233 643 253 aut
666 221 816 264 qualitates
844 224 954 253 Audlor
993 222 1195 253 dissertationis
1230 225 1322 265 expli-

95 267 183 294 catius
198 264 364 295 tradidilset.
387 267 490 307 Neque
515 265 543 295 id
565 264 626 297 satis
646 277 706 296 erat
722 264 806 295 salem
821 264 1026 308 coagulationis
1041 268 1070 296 in
1086 265 1230 308 lapidibus
1244 270 1324 308 prin-

94 310 203 349 cipium
228 308 420 343 constituere,
446 319 493 338 aut
520 307 622 339 docere
656 308 718 339 saxa
742 308 858 339 duriora
879 309 1010 339 uberioie
1036 308 1090 339 sale
1112 310 1233 340 donari:
1266 321 1325 340 non

94 353 171 380 enirn
187 362 220 380 cx
239 350 316 381 duris
335 349 493 393 quibusque
514 350 657 393 lapidibus
677 350 740 381 calx
761 350 903 388 efficitur,
930 352 1009 394 quod
1029 363 1089 381 non
1110 350 1223 383 aliunde
1237 352 1328 394 quam

93 404 125 423 ex
150 396 283 424 varietate
309 394 408 424 silium
434 396 505 424 oriri
532 394 630 437 potest.
657 395 736 425 Nam
762 393 870 437 lapides
889 394 938 425 alii
959 394 1021 425 sunt
1046 393 1135 437 asperi
1156 399 1185 426 &
1205 395 1326 432 arenosi,

93 445 123 465 ut
146 447 222 467 cotes
244 439 273 467 ὅ(
289 435 377 467 silices
390 459 399 472 ,
422 435 527 480 quibus
554 438 700 468 constratae
717 437 779 468 sunt
794 440 845 468 viae
861 449 869 473 3
890 437 938 468 alii
961 438 1024 468 sunt
1041 437 1184 480 argillosi,
1206 449 1235 469 ut
1250 450 1327 470 mar-

92 489 174 509 mora
194 490 257 521 quae
275 479 412 523 perpoliti
433 479 545 522 poliunt
559 502 568 516 ‚
583 491 702 522 quaeque
717 491 752 510 ex
774 480 874 523 argilla
889 481 1023 512 indurata
1041 480 1162 512 conflari·
1183 481 1325 514 videnturi

92 520 142 552 alii
165 522 313 553 molliores
340 526 370 554 δι
397 525 485 565 magis
505 523 613 553 cretosi.
633 525 706 554 Non
727 523 743 553 ὲ
764 522 889 554 silicibus
909 534 956 554 aut
979 522 1092 554 cotibus
1111 523 1216 566 quibus
1236 524 1327 568 gladii

93 575 287 604 exacuuntur,
311 576 402 608 neque
423 577 456 595 ex
483 569 516 596 iis
539 566 682 607 lapidibus
708 568 758 608 qui
782 569 836 597 viis
859 566 1025 598 muniendis
1043 566 1216 599 adhibentur
1231 590 1242 603 ‚
1265 567 1328 599 calx

93 607 265 643 conficitur,
283 608 328 639 sed
349 620 382 639 ex
403 609 467 638 saxo
489 611 520 638 ὅ(
546 620 712 642 marmore3
733 608 842 639 tametsi
868 612 897 638 in
920 609 978 640 illis
998 621 1058 639 non
1075 612 1173 641 minor
1193 609 1226 642 fit
1245 612 1327 643 duri-

94 653 147 680 ties
159 673 168 686 ,
191 662 242 683 nec
260 654 354 682 minor
375 651 438 682 salis
459 654 541 695 copia
556 664 563 682 :
578 650 649 682 adeo
662 662 693 682 ut
708 650 818 683 diversa
834 651 935 684 salium
966 664 1069 695 genera
1092 654 1166 686 hanc
1185 653 1327 698 lapidibus

92 694 236 737 praebzant
251 693 476 737 dispositionem.

127 739 214 769 XIV.
238 738 316 768 Curii
337 749 431 768 autem
456 736 525 769 sales
546 737 593 769 alii
610 738 662 769 sint
677 737 820 782 sulphurei
835 761 843 774 ‚
860 737 909 771 alii
931 739 1004 772 acidi
1029 743 1059 771 ἅτ
1078 741 1276 777 mercuriales,
1296 753 1326 774 ut

97 779 256 823 loquuntur
275 803 285 816 ,
308 780 349 811 illi
373 784 402 811 in
422 780 498 811 calce
519 780 580 812 sunt
606 784 750 812 uberiores
774 797 779 814 ε
799 795 865 813 nam
887 782 1034 824 sulphurea
1059 784 1207 814 miiieralia
1227 784 1327 815 diss'ol-

97 835 170 854 vunt
183 847 193 859 ,
214 827 256 855 uti
269 829 298 857 δε
318 823 383 855 sales
398 823 501 855 Alxali
520 825 535 855 ὲ
556 825 764 868 vegetabilibus
778 828 908 857 exn-aeti.
926 829 1006 859 Hinc
1020 826 1083 857 calx
1098 831 1176 858 tertis
1189 827 1328 859 sterilibus

95 865 273 899 fertilitatem
295 868 375 899 affert
389 891 398 904 ,
422 879 451 899 ut
473 870 576 913 Marga
591 892 599 904 ‚
626 880 687 910 quae
711 870 747 899 est
766 870 913 912 quoddam
934 870 1040 913 argillae
1067 882 1167 914 genus,
1189 873 1269 912 Qin
1295 875 1326 902 ὃς

95 909 175 953 supra
189 914 333 942 innuimus
347 911 400 942 sale
416 915 513 942 tartari
529 911 680 955 sulphureo
701 924 776 943 certa
793 916 902 943 ratione
916 925 1072 957 praeparato
1087 937 1095 949 ,
1114 917 1144 945 ὃ(
1159 926 1223 945 cum
1235 918 1327 945 Stam-

94 952 173 995 penfi
195 953 291 985 sabulo
313 955 468 997 permisto,
485 966 586 997 aquam
614 958 642 986 in
656 955 757 998 lapidis
784 958 909 987 formam
933 957 1123 988 concrescere.
1152 959 1185 987 In
1203 957 1327 989 calcina-

95 999 173 1027 tione
197 997 284 1028 salem
304 997 421 1028 insitum
439 998 580 1041 lapidibus
594 1020 603 1033 ,
625 999 701 1028 illius
721 997 877 1029 accessione
902 1002 950 1041 qui
967 999 1052 1042 lignis
1077 1001 1146 1030 inest
1166 1023 1175 1035 ‚
1203 1001 1327 1033 multum

95 1042 191 1083 augeri
205 1052 237 1070 ex
261 1043 294 1070 iis
319 1052 380 1083 quae
404 1041 528 1084 superius
546 1041 631 1072 allata
655 1042 717 1072 sunt
738 1043 938 1085 experimentis
952 1046 1026 1074 circa
1047 1043 1195 1073 mineralia
1211 1044 1327 1088 sulphu-

96 1093 141 1113 rea
161 1086 190 1114 &
213 1083 348 1114 calcinata
367 1082 449 1115 facile
475 1084 653 1127 intelligitur.

127 1125 246 1157 Calcem
261 1127 408 1156 cxcocstam
428 1130 488 1157 ae'ri
502 1127 656 1170 expolitam
686 1127 831 1160 debilitari
853 1128 960 1159 constat
977 1151 986 1165 ,
1011 1140 1070 1159 non
1096 1129 1172 1169 quod
1193 1142 1325 1174 magnam

95 1167 138 1199 sui
164 1168 226 1200 salis
247 1180 356 1213 partem
377 1170 520 1206 amiserit,
542 1181 608 1201 cum
627 1170 701 1202 illud
725 1174 897 1214 experientia
923 1173 949 1202 se
977 1172 1144 1216 comperisse
1166 1172 1263 1205 asserat
1284 1176 1324 1205 D.

96 1212 149 1242 Du
170 1212 242 1243 Clos
263 1216 402 1255 majorem
425 1212 486 1244 salis
501 1217 613 1256 copiam
643 1214 658 1245 ὲ
676 1214 753 1245 calce
771 1227 820 1258 per
837 1215 949 1257 aliquot
964 1217 1073 1246 menses
1096 1219 1155 1247 a'e‘ri
1181 1217 1326 1260 exposita,

95 1255 183 1296 quam
206 1256 220 1285 ὲ
241 1258 347 1286 recenti
372 1258 525 1287 extractam
548 1257 562 1286 εὶ
584 1257 608 1287 sc
627 1256 728 1288 fuisse:
756 1259 801 1289 scd
826 1259 880 1288 hoc
904 1270 1058 1289 commune
1084 1259 1138 1290 esse
1162 1262 1200 1290 ait
1224 1261 1327 1292 salibus

97 1298 254 1341 sulphureis
272 1321 280 1334 ,
308 1310 339 1330 ut
362 1302 389 1329 in
415 1302 479 1330 ae're
500 1299 618 1331 exsoluti
638 1304 783 1343 propriam
802 1301 878 1332 velut
900 1302 1029 1332 indolem
1055 1314 1177 1342 exuant,
1202 1303 1270 1335 dum
1288 1304 1328 1334 il..

97 1341 145 1373 lud
160 1342 238 1386 quod
258 1343 384 1373 terrestre
397 1343 436 1373 est
455 1346 483 1374 ὅ(
501 1341 605 1374 siccum
617 1366 626 1379 ‚
646 1344 782 1387 quodque
798 1345 831 1375 ad
848 1345 1077 1387 coagulationem
1089 1346 1246 1390 plurimum
1259 1359 1326 1379 con-

96 1383 171 1424 fert,
196 1385 211 1415 a
232 1384 287 1416 sale
310 1386 483 1429 sejungitur,
507 1389 579 1417 &in
607 1388 754 1431 pulverem
771 1387 882 1419 fatiscit.

138 1428 229 1470 Qod
250 1430 347 1460 auctor
370 1429 484 1471 subjicit
502 1429 537 1460 de
557 1429 720 1461 asservanda
733 1429 808 1462 calce
826 1453 834 1467 ‚
857 1431 1004 1474 postquam
1028 1434 1151 1463 extinCta
1166 1433 1221 1471 est,
1242 1436 1325 1464 ratio-

97 1474 128 1502 ni
152 1471 309 1502 consonum
333 1471 417 1515 plane
440 1473 560 1504 videtur.
585 1472 709 1504 Occulta
730 1476 807 1504 enim
824 1474 1006 1505 fermentatio
1029 1476 1112 1516 hujus
1135 1475 1198 1506 salis
1225 1475 1328 1519 lapidi-

97 1513 144 1545 fici
163 1517 193 1546 in
213 1515 343 1545 molliori
368 1515 442 1547 calce
460 1519 550 1558 magis
573 1527 779 1559 promovetur,
805 1517 891 1560 quam
911 1517 962 1548 ubi
980 1529 1035 1548 una
1053 1530 1119 1551 cum
1144 1530 1226 1549 arena
1239 1519 1328 1550 exsic-

96 1569 178 1588 cante
198 1558 236 1588 est
258 1559 398 1601 permista,
421 1559 475 1590 Sed
497 1561 533 1589 de
556 1558 639 1595 calcis
658 1571 758 1592 natura
782 1563 811 1591 &
834 1560 884 1592 usu
905 1563 995 1604 magis
1020 1573 1054 1593 cx
1073 1561 1222 1593 occasione
1241 1575 1328 1606 quarn

96 1612 130 1631 ex
154 1602 281 1632 instituto
300 1602 357 1632 hae„
375 1604 448 1633 eli&⁴
471 1602 588 1634 fuerint.

126 1647 197 1675 XV.
223 1646 341 1676 Ineunte
358 1657 434 1676 anno
459 1648 543 1677 1668.
561 1648 645 1677 vatiae
661 1646 828 1678 animalium
850 1647 1030 1680 diffeffiones
1054 1647 1135 1681 faetae
1163 1661 1194 1680 ac
1218 1650 1329 1680 cerebri

97 1688 233 1719 sttuQuta
249 1691 389 1731 imprimis
404 1691 571 1720 examinata.
587 1688 751 1722 Plantarum
763 1691 911 1722 nonnullae
925 1691 1129 1736 descriptiones
1148 1693 1162 1723 Ξι
1179 1694 1217 1724 D.
1249 1694 1327 1723 Mar-

96 1731 183 1762 chant
195 1733 225 1762 in
251 1732 334 1763 rebus
352 1734 494 1763 Botanicis
510 1732 667 1764 admodum
680 1736 832 1765 exercitato
853 1734 932 1766 ltc'tae
958 1736 1027 1767 sunt.
1045 1736 1182 1767 Camelus
1197 1736 1331 1768 disscstus

99 1773 152 1805 fuit
173 1786 275 1817 magna
295 1788 359 1807 cuni
385 1787 463 1812 (ura,
479 1778 558 1818 cujus
580 1777 695 1807 historia
715 1777 822 1820 publici
846 1779 939 1822 postea
960 1782 1030 1820 juris
1047 1778 1119 1810 facia
1133 1783 1180 1812 est.

136 1818 178 1850 D.
199 1821 317 1861 Hugens
334 1822 527 1862 experimenta
545 1820 676 1862 quaedam
695 1816 761 1851 fecit
784 1824 812 1851 in
834 1822 966 1852 machina
986 1826 1164 1866 pneumatica
1182 1834 1266 1866 quam
1280 1833 1330 1852 an-

97 1869 125 1889 te
153 1861 264 1904 aliquot
285 1874 374 1893 annos
394 1864 434 1894 D.
458 1863 569 1894 Gerixe
601 1862 858 1907 Magdcburgensis
884 1868 1092 1908 excogitaverat
1108 1888 1117 1901 ,
1134 1870 1194 1906 ejus
1215 1867 1334 1897 struem-

98 1915 128 1934 ra
144 1904 193 1935 sibi
213 1906 359 1937 reservata.
382 1908 477 1946 Hujus
493 1906 632 1937 machinae
657 1907 689 1937 P.
708 1908 844 1939 Schottus
871 1912 1050 1940 mentionem
1071 1908 1185 1940 fecerat.
1211 1909 1267 1939 Sed
1290 1911 1328 1940 D.

100 1947 190 1989 Boyle
213 1947 288 1979 illius
311 1948 464 1980 artificium
487 1949 610 1985 detexit,
638 1949 726 1981 multa
753 1952 819 1982 huic
842 1951 943 1994 adjecit
964 1952 1000 1983 ad
1015 1953 1095 1984 usum
1116 1952 1263 1989 faciliora,
1277 1963 1333 1982 no-

98 2002 134 2022 va
157 1995 187 2022 δέ
211 1991 342 2034 praeclara
363 1995 554 2036 experimenta
571 1993 625 2024 un&
645 2005 709 2025 cum
733 1995 871 2026 macliinae
894 1995 1085 2039 descriptione
1100 2007 1175 2026 anno
1197 2000 1275 2025 1661.
1293 1994 1329 2026 ab

96 2045 133 2064 eo
154 2034 295 2078 publicata
317 2046 375 2065 non
395 2035 538 2067 mediocre
559 2035 652 2067 lumen
675 2037 799 2078 Physicis
812 2038 892 2069 rebus
907 2038 1072 2071 intulerunt.
1095 2039 1249 2082 Brevipost
1260 2049 1332 2069 tem-

98 2088 169 2120 pore
195 2079 236 2112 D.
258 2081 378 2123 Hugens
403 2078 509 2111 nobilis
537 2082 657 2111 Batavus
678 2081 821 2124 praeclaris
845 2084 972 2115 inventis
997 2086 1027 2114 δε
1052 2081 1162 2125 scriptis
1185 2092 1247 2113 toto
1261 2081 1332 2113 orbe
