1638 2345
190 165 279 197 ΑΝΝ.
306 128 397 194 signes
413 160 563 206 perspestae
578 160 733 193 habeantur
744 184 753 198 ‚
775 160 811 192 ad
829 172 962 192 numeros
972 164 1092 192 omnino
1109 160 1140 193 stt
1161 161 1406 205 confugiendum,
1418 165 1467 206 qui
1481 165 1527 195 in-

192 213 280 246 1696.
306 205 452 249 telligibili
473 206 562 237 modo
579 207 712 236 omnium
738 207 928 247 quantitatum
950 208 1023 235 inter
1051 204 1078 236 se
1103 207 1226 236 rationes
1253 207 1434 249 exprimunt,
1462 218 1530 238 cum

281 270 284 273 -
307 249 372 280 sunt
390 249 540 281 rationales
561 260 608 280 aut
634 246 926 279 commensurabiles:
953 247 1019 278 cum
1050 259 1144 280 autem
1165 248 1228 279 sunt
1248 247 1423 280 irrationales
1443 271 1452 285 ‚
1477 261 1530 281 nec

306 304 494 324 communem
510 291 615 323 habent
633 291 813 327 mensuram,
828 293 939 322 numeri
959 292 1156 327 irrationales,
1172 295 1202 323 &
1220 294 1262 322 Lo
1286 292 1454 323 arithmetici
1472 292 1530 323 eas-

307 336 375 367 dem
391 340 532 375 rationes,
555 338 585 366 δ(
605 334 785 366 habitudines
796 337 958 378 exprimunt
973 333 1086 370 modoss
1107 346 1244 379 quantum
1261 302 1321 365 ἐστὶ
1339 334 1429 378 potest
1449 335 1532 366 intel-

307 377 438 421 ligibili3
459 381 505 409 cui
529 388 626 410 tamen
647 378 716 408 inest
736 377 866 422 quaedam
885 376 1034 408 indefinita
1055 378 1227 410 obscuritas:
1258 377 1307 409 etsi
1330 378 1390 409 haec
1414 380 1443 408 in
1464 377 1532 408 infi-

308 426 403 453 nitum
429 424 469 453 mi
513 423 520 430 ’
554 433 587 458 r,
614 421 684 452 dum
705 423 809 464 integri
833 424 944 451 numeri
965 420 1190 457 substituuntur,
1213 424 1262 465 qui
1285 424 1374 463 magis
1396 432 1428 452 ac
1445 422 1535 462 magis

309 432 707 540 accedutffimerotum
729 463 936 495 irrationalium
961 463 1101 496 summam
1114 490 1122 503 ,
1137 464 1183 494 seu
1200 463 1330 500 excessu,
1355 463 1400 495 scu
1420 463 1536 495 defectu

309 508 432 539 nonnih'
503 519 615 544 errent,
635 519 726 551 neque
746 518 795 538 eos
820 518 947 549 unquam
970 518 1080 550 aequare
1100 505 1215 551 poffint.

351 553 433 593 Qin
455 554 542 582 etiam
568 550 698 583 Euclides
719 550 779 593 ipse
806 548 958 581 fractiones
985 550 1134 582 rationales
1155 563 1207 594 pro
1230 553 1302 582 vetis
1325 552 1449 580 numeris
1473 561 1534 581 non

308 593 408 625 habuit
422 616 432 630 ,
455 593 633 637 quaeque‘ab
647 606 682 624 eo
702 594 790 625 Libro
817 593 936 637 septimo
960 592 1076 625 affertur
1105 597 1217 625 numeri
1238 592 1388 627 definitio,
1410 594 1453 624 his
1475 604 1534 623 non

308 640 399 679 magis
423 641 558 669 convenit
573 660 583 674 ‚
607 637 694 680 quam
717 636 981 669 irrationabilibus:
1001 648 1052 667 nec
1071 636 1134 667 sane
1156 636 1292 668 abstraCh
1309 636 1412 667 fractio
1439 638 1534 679 ptimo

307 681 411 712 intuitu
437 679 609 712 considerari
631 681 720 724 p0test
734 706 743 718 ,
766 679 834 710 cum
856 683 949 710 unitas
971 679 1161 723 intelligibilis
1185 680 1282 711 eadem
1303 679 1335 710 sit
1360 679 1490 711 indivisa.

357 724 541 767 Diophantus
564 726 613 766 qui
632 723 785 754 solutiones
795 723 1082 754 omnesirrationalcs
1101 726 1191 764 rejicit
1204 746 1213 759 ,
1233 726 1350 765 integris
1370 727 1398 754 ὅ(
1421 722 1534 754 Εηιᾶὶο-

306 766 390 797 nibus
423 766 531 810 ubique
554 770 642 798 utitur
662 789 672 802 ‚
698 778 816 810 quaeque
836 769 971 810 proponit
1012 765 1189 809 problemata
1207 789 1216 802 ,
1237 766 1334 796 eadem
1364 765 1424 797 sum
1447 768 1534 809 primi

303 809 411 851 gradus
428 831 439 846 ,
470 822 556 854 eaque
584 820 632 841 aut
662 809 812 841 indefinita
835 832 844 845 ,
863 821 910 840 aut
939 813 1021 840 certis
1045 809 1260 841 conditionibus
1281 810 1410 840 adstricta
1428 835 1437 845 ,
1467 813 1532 853 qui-

305 852 359 883 bus
390 853 541 899 rationalia
562 856 673 897 penitus
695 852 865 884 afficiuntur.
892 854 958 884 Una
986 853 1103 896 superest
1135 851 1290 884 difficultas
1326 856 1353 884 in
1378 855 1411 883 iis
1434 874 1443 888 ‚
1471 864 1534 895 qua:

306 895 374 926 cum
398 895 451 927 sint
470 895 687 927 indeterminata
701 919 710 932 ‚
733 898 768 928 ad
786 895 961 927 irrationalia
976 895 1138 926 naturaliter
1160 896 1308 927 recidunt:
1329 907 1411 938 atque
1433 899 1462 927 in
1477 897 1533 927 hoc

305 941 402 969 omnis
426 939 562 970 industria
589 938 677 982 posita
700 939 758 974 est,
776 950 806 969 ut
830 938 1003 980 inaequalitas
1026 941 1064 969 ita
1087 937 1244 973 formetur,
1268 951 1297 969 ut
1314 942 1386 969 inter
1407 937 1534 969 infinitas

305 981 463 1013 solutiones
481 993 540 1013 turn
557 981 728 1018 rationales,
741 993 802 1014 tum
823 981 998 1012 irrationales
1017 981 1072 1012 illae
1093 980 1245 1012 necessario
1267 984 1448 1024 reperiantur.
1469 981 1532 1013 Nisi

306 1026 366 1055 haec
385 1024 552 1056 adhibeatur
578 1025 715 1056 rcstristio
729 1048 738 1061 ,
760 1023 938 1067 problemata
957 1024 1049 1055 solutu
1067 1023 1240 1055 difficillima
1269 1036 1349 1056 erunt
1371 1024 1442 1055 adeo
1461 1024 1533 1057 faci..

307 1067 361 1103 lia,
386 1080 417 1100 ur
436 1080 497 1111 qux
520 1079 717 1112 proponantur
730 1091 740 1104 ,
760 1067 878 1109 indigna
899 1068 1012 1110 prorsus
1036 1067 1127 1098 videri
1145 1067 1260 1111 poffint.

350 1113 414 1142 Nec
436 1112 583 1143 immerito
609 1114 720 1142 numeri
737 1110 888 1142 rationales
908 1111 970 1141 aliis
993 1109 1179 1154 praeferuntur
1200 1125 1207 1143 z
1236 1121 1301 1141 nam
1325 1120 1386 1152 quae
1409 1110 1533 1153 perfecte

307 1158 337 1186 δε
351 1155 480 1186 accurate
498 1158 616 1199 percipit
635 1157 747 1185 animus
761 1176 770 1190 ‚
794 1165 858 1184 eum
873 1157 975 1196 majori
986 1154 1175 1185 oblectatione
1193 1153 1359 1198 complent,
1370 1154 1455 1196 quam
1470 1166 1532 1197 quat

308 1198 476 1240 imperfttste
495 1198 698 1229 tantummodo
718 1201 748 1228 δε
769 1196 889 1228 obscure
910 1200 1015 1240 percipi
1040 1197 1161 1240 possunt.

347 1243 531 1286 Diophantus
551 1245 581 1273 δ’
606 1240 653 1272 alii
675 1245 794 1273 Veteres
815 1242 960 1283 negativas
989 1240 1144 1271 solutiones
1166 1252 1225 1271 non
1243 1251 1421 1283 agnoverunt
1437 1264 1446 1276 ,
1475 1253 1533 1271 err-

307 1295 362 1326 que
384 1285 517 1315 videntur
539 1288 649 1327 penitus
667 1283 832 1324 abjiciendae
847 1305 855 1318 ‚
892 1283 959 1313 cum
978 1295 1077 1315 earum
1098 1295 1153 1325 ope
1180 1283 1306 1327 pofitivae
1334 1287 1455 1314 inveniti
1479 1297 1534 1315 ne-

307 1338 425 1370 queunt.
449 1331 528 1359 Tum
551 1339 618 1357 vero
636 1326 784 1370 problema
804 1326 842 1356 est
865 1325 958 1356 solutu
973 1325 1161 1370 impoffibile‚
1175 1337 1295 1368 qusque
1311 1325 1466 1358 afferuntur
1486 1327 1532 1358 so-

308 1369 429 1401 lutiones
447 1374 603 1413 ncgfflm,
626 1368 733 1400 eaedem
753 1369 814 1399 sunt
838 1368 961 1411 pofitivae
979 1369 1092 1400 alterius
1106 1369 1292 1414 problematis
1310 1368 1465 1400 consimilis
1476 1369 1531 1413 fig-

307 1424 342 1443 na
364 1413 561 1455 permutando.
584 1416 685 1443 Varios
701 1410 885 1455 perstitionis
903 1412 1005 1453 gradus
1026 1415 1054 1443 in
1077 1412 1216 1444 solutione
1229 1411 1414 1455 problematis
1431 1424 1533 1444 nume-

307 1458 358 1487 tici
376 1461 405 1488 Sc
425 1455 568 1487 indefiniti
584 1455 618 1486 ad
631 1466 752 1499 quatuor
768 1466 891 1487 revocat.
907 1457 1018 1486 Primus
1033 1456 1070 1486 est
1080 1467 1110 1486 ut
1126 1468 1249 1486 numeris
1262 1454 1447 1486 rationalibus
1462 1468 1533 1487 con-

307 1501 440 1530 tinemur.
468 1513 493 1532 2.
511 1501 553 1531 Ut
570 1501 680 1529 numeri
703 1497 755 1529 sint
780 1496 903 1542 pofizivi.
924 1512 948 1539 ς.
973 1508 1004 1529 ut
1027 1498 1078 1530 fint
1105 1502 1217 1542 integri.
1239 1510 1268 1536 4.
1290 1498 1412 1541 denique
1427 1511 1457 1530 ut
1479 1498 1531 1530 sint

307 1542 478 1573 universales
493 1569 501 1579 ‚
524 1545 563 1574 ita
584 1553 614 1573 ut
632 1553 764 1572 numeros
782 1552 901 1577 omneS‚
919 1545 967 1585 qui
988 1541 1135 1586 proposito
1153 1541 1324 1586 problemati
1347 1542 1530 1579 satisfaciunt,

308 1586 564 1628 comprehendant.

349 1632 423 1660 Haec
434 1631 531 1671 utique
539 1627 751 1659 variisillustrat
763 1628 912 1672 exemplis,
927 1640 988 1671 quae
1002 1630 1172 1660 omittimus.
1187 1627 1253 1670 jam
1263 1627 1377 1660 decimo
1391 1627 1437 1659 dic
1451 1629 1531 1659 Mar-

309 1674 340 1702 tii
366 1672 507 1715 Lugduno
524 1672 636 1702 miserat
658 1671 803 1714 duplicem
825 1672 1025 1713 quadraturam
1048 1671 1216 1713 analyticam
1237 1672 1335 1703 circuli
1364 1674 1481 1713 integri,
1500 1682 1531 1703 ut

309 1715 442 1759 cujusque
463 1717 577 1746 sectoris
595 1719 625 1746 &
647 1713 782 1757 segmenti
797 1714 866 1745 dati.

352 1761 413 1789 IX.
440 1759 478 1789 D.
494 1761 620 1789 Sauveur
631 1758 677 1789 die
694 1760 772 1801 Junii
792 1769 829 1795 30
843 1758 967 1800 regulam
982 1761 1057 1790 circa
1071 1761 1208 1802 potentias
1227 1756 1388 1802 generalem
1405 1757 1530 1789 demon-

309 1801 421 1836 stravit,
457 1800 501 1832 scu
528 1801 584 1832 illae
606 1801 659 1832 sint
683 1799 833 1845 petfcstae,
860 1802 906 1833 seu
925 1803 1097 1846 imperfetstae
1111 1824 1120 1837 ,
1134 1813 1220 1844 eaque
1235 1801 1270 1832 ad
1288 1800 1429 1832 calculum
1446 1801 1531 1833 diffe-

309 1845 457 1875 tentialtm
481 1848 614 1886 pertinet.

358 1889 393 1917 X·
426 1889 465 1919 D.
482 1890 631 1930 Varignon
648 1887 694 1919 die
716 1899 753 1926 14
776 1888 884 1932 Aprilis
908 1889 1081 1920 Methodum
1097 1888 1164 1932 legit
1183 1892 1213 1920 &
1234 1888 1438 1919 demonstravit
1452 1910 1461 1923 ‚
1475 1899 1531 1929 qm

307 1933 499 1973 potentiarum
519 1929 627 1961 summa
641 1931 685 1961 scu
695 1932 775 1962 valor
790 1935 933 1964 invenitur
945 1956 953 1969 ,
967 1944 1085 1975 quarum
1101 1935 1271 1975 exponentia
1285 1932 1346 1962 sunt
1363 1935 1459 1974 ignota
1472 1944 1478 1962 z
1492 1934 1530 1962 ira

307 1984 338 2003 ut
361 1976 530 2017 exponentia
549 1973 598 2004 illa
626 1974 770 2018 explorata
796 1974 952 2007 habe-intur
974 1987 1039 2006 cum
1061 1978 1195 2020 potentiis
1211 1998 1221 2011 ,
1245 1986 1306 2018 qua:
1324 1975 1529 2019 exponentibus

308 2015 372 2047 sunt
393 2017 501 2048 affesta.

350 2062 376 2090 X
387 2062 410 2091 1.
440 2061 478 2090 D.
495 2063 618 2092 Sauvcut
632 2063 709 2103 Dic5
725 2063 798 2094 Maii
815 2062 895 2093 linere
911 2063 1160 2106 Logarithmcticae
1176 2062 1445 2095 demonstrationem
1458 2072 1527 2092 attu-

308 2102 365 2139 lit,
387 2115 472 2147 quam
490 2104 593 2147 regulis
609 2105 789 2137 foeneratitiis
811 2106 943 2150 applicat.
