1638 2345
265 100 570 131 ACADEMIAE
604 99 1107 132 }11STOR1A.Lin.1v.
1242 113 1297 141 339

111 142 146 174 ld
163 153 232 173 vcro
258 146 286 173 in
310 144 425 175 canibus
449 147 479 174 ὅ(
501 142 605 173 felibus
626 147 768 174 cernimus
787 166 796 179 ,
819 154 948 173 ventrem
967 142 1114 173 mauiststo
1131 143 1296 185 complana-
1316 146 1398 173 Bota-

68 189 92 217 ri
107 209 114 221 ‚
140 190 169 217 δέ
193 187 379 229 diaphragma
401 190 474 217 inter
488 185 668 216 vomendum
690 186 759 229 pelli
782 185 925 217 deorsum.
951 189 1032 226 Qin
1052 189 1080 216 δι’
1098 187 1138 215 D.
1152 187 1298 218 Chiracin
1320 190 1385 217 nica.

69 240 136 259 caue
150 251 159 264 ,
181 232 225 260 cui
252 229 434 261 sublimatum
459 227 636 260 corrosivum
653 229 808 270 praebuerat
822 255 830 265 ‚
848 228 971 272 idipsum
994 240 1065 272 pene
1084 229 1300 261 demonstravit.

69 273 148 302 Nam
170 284 267 303 ventre
290 284 323 303 ex
342 272 473 303 umbilici
498 275 616 314 regione
640 272 741 303 leviter
774 272 854 303 sciffo
882 293 889 307 ‚
912 283 978 303 curn
1003 270 1193 302 ventriculum
1215 283 1303 303 manu

68 318 198 346 trac‘hret
213 338 221 350 ,
242 315 350 345 nullam
367 318 395 346 iu
416 327 449 345 eo
467 313 684 346 convulsionem
700 315 834 347 sentiebat
846 326 892 346 aut
906 326 1019 346 motum
1041 314 1202 345 violentum
1216 337 1224 349 ,
1256 315 1302 346 sed

65 357 252 401 diaphragma
274 370 328 388 una
345 369 408 389 cum
424 357 558 389 musculis
576 357 737 389 abdominis
752 370 853 400 magna
867 360 895 388 vi
916 362 946 389 ὅ(
967 357 1111 388 celeritate
1125 359 1303 389 contractum

64 400 213 442 premebat
227 412 344 432 manum
360 412 414 443 qua
428 400 620 432 ventriculum
639 400 762 433 tenebat.
787 404 835 432 Sic
857 403 936 431 enim
954 401 991 431 cst
1004 400 1019 429 εὶ
1038 412 1135 431 natura
1153 413 1305 444 compara-

65 454 126 473 tum
145 465 154 478 ‚
186 455 217 474 ut
242 445 345 475 vicinae
368 456 459 487 partes
485 447 516 474 in
537 444 651 474 alterius
670 456 731 486 quae
752 446 812 475 vim
833 446 938 486 patitur
954 466 962 478 ,
987 443 1139 474 sublidium
1164 447 1279 475 veniant
1295 471 1303 481 ,

64 489 146 528 eique
170 486 355 529 opitulentur.
379 490 427 518 Sic
446 489 474 517 in
495 488 696 518 sternutatione
710 487 903 530 respirationis
923 498 1029 528 organa
1051 499 1107 517 una
1129 488 1303 530 conspuant,

63 538 96 560 u’t
109 540 226 571 gravem
248 533 348 573 capitis
366 531 518 561 humorem
539 541 587 560 aut
602 529 733 560 molestas
747 534 855 561 narium
870 533 1043 561 irritationes
1059 529 1219 560 sublevent.

112 571 231 603 Crebrae
250 573 473 616 diaphragmatis
490 595 499 608 ‚
520 577 550 604 &
571 573 764 603 musculorum
779 576 886 603 ventris
906 571 1093 603 succuffioncs
1111 576 1211 603 noxios
1232 585 1302 615 pro-

64 615 183 646 trudunt
208 617 343 646 humores
373 628 423 660 per
444 615 645 659 glandularum
668 627 730 658 qua:
753 615 873 647 reticulo
894 615 1044 646 ventriculi
1066 615 1188 658 copiosae
1207 616 1301 648 insunt

63 656 128 688 vasa
148 662 303 690 excretoria
319 682 328 694 ,
353 659 411 690 fere
427 670 458 690 ut
484 662 627 689 cernimus
644 661 676 689 in
694 657 789 689 linteis
810 658 930 689 sordidis
947 684 955 694 ,
980 669 1042 700 quae
1064 659 1133 689 dum
1151 658 1299 695 lavantur,

64 703 189 744 repetitis
209 701 340 744 palm-ulae
365 702 469 734 istibus
494 702 660 734 tunduntur.
695 702 775 732 Cum
796 704 890 744 itaque
908 705 1005 744 prima·
1030 701 1234 733 alimentorum
1249 707 1300 734 via-

64 743 177 774 sordida
192 748 221 775 ὀί
240 744 380 776 feculenta
394 747 509 776 materia
523 744 626 775 scatent
641 770 649 781 ,
676 756 721 775 aut
740 746 873 775 humores
887 745 1056 776 ferocientes
1077 745 1298 781 tumultuantur,

67 788 254 829 (orgasmum
270 800 371 819 vocant
386 791 396 828 )
418 799 449 820 ac
466 786 561 819 nullus
578 788 617 818 est
636 790 664 817 in
680 786 834 817 visceribus
849 785 985 818 absccss'us
998 813 1006 825 ,
1022 799 1067 818 aut
1083 787 1223 823 scliirrus,
1237 800 1297 819 tum

63 833 191 861 vomitus
210 832 248 861 est
269 831 391 874 persaepe
408 831 534 861 salutaris
556 853 564 865 ,
597 830 677 872 quod
698 834 863 872 graviorum
882 830 1052 861 morborum
1071 833 1188 861 materia
1202 851 1211 865 ,
1233 842 1296 873 qua:

64 872 210 904 stomacho
231 875 301 904 inest
314 896 323 910 ,
347 877 379 905 &
395 877 424 904 in
437 885 471 903 eo
492 873 597 915 stagnat
610 895 619 907 ‚
642 885 691 915 per
708 873 894 916 oesophagum
918 876 964 903 via
988 876 1077 915 magis
1092 873 1296 912 compendiosa

66 918 98 945 &
115 927 174 946 tuta
187 918 313 958 ejiciatur
326 939 335 952 ,
352 916 438 959 quam
451 927 500 959 per
514 915 617 957 longos
635 916 834 946 intestinorum
854 913 1007 946 anfra6h15.
1032 915 1123 946 Addit
1137 919 1181 946 vir
1195 916 1297 947 doctus

64 958 176 989 morbis
192 961 240 1001 qui
254 963 348 1003 paucis
368 959 474 990 abhinc
488 961 586 994 annis,
603 958 701 989 multis
720 961 748 988 in
760 957 860 988 Gallia·
874 960 1034 989 Provinciis
1049 970 1181 1000 magnam
1198 959 1298 990 edide-

65 1012 132 1032 runt
152 1002 268 1045 stragem
294 1026 302 1039 ‚
330 1006 447 1033 emetica
464 1002 557 1032 statim
577 1001 704 1032 exhibita
723 1001 855 1042 plurimis
873 1000 952 1032 saluti
969 1000 1060 1032 fuisse.
1088 1003 1205 1033 Humor
1219 1005 1298 1034 enim

65 1043 117 1074 ille
141 1046 238 1076 acidus
255 1046 341 1077 instar
361 1045 478 1076 limonis
506 1044 602 1080 succi,
630 1048 661 1075 &
686 1044 809 1075 viscidus
840 1047 887 1074 vix
907 1048 1097 1087 excoquitur,
1128 1056 1179 1075 nec
1206 1046 1298 1076 acidi-

66 1097 153 1118 tatem
170 1086 245 1118 suam
260 1088 389 1131 longiore
411 1100 491 1119 mora
515 1090 599 1118 exuit.
625 1090 707 1129 Qin
721 1087 782 1118 imo
801 1086 916 1119 massam
933 1089 1075 1130 sanguinis
1088 1091 1177 1129 magis
1190 1100 1221 1119 ac
1235 1101 1298 1120 ma-

65 1133 109 1172 gis
126 1129 218 1162 inficit
235 1153 243 1166 ‚
262 1131 331 1162 dum
353 1132 483 1162 funditur
499 1151 507 1165 ‚
531 1142 563 1161 ac
584 1129 683 1161 frustra
697 1132 863 1173 expediatur
883 1130 960 1161 illius
980 1133 1073 1161 coctio
1086 1153 1094 1165 ‚
1114 1143 1160 1161 aut
1179 1131 1213 1162 ab
1235 1131 1298 1163 aliis

67 1174 237 1204 humoribus
257 1174 372 1205 secretio
383 1198 392 1211 ,
412 1174 458 1206 sed
474 1174 596 1217 persaepe
616 1185 777 1218 opportuna
791 1173 928 1205 medendi
944 1174 1052 1205 occasio
1067 1173 1189 1205 elabitur
1200 1197 1209 1210 ‚
1228 1175 1298 1206 dum

67 1226 162 1246 moras
185 1219 337 1251 neffimus.
398 1248 402 1252 ,

104 1262 174 1292 VH.
202 1263 275 1300 Qx·
285 1262 432 1303 purgantia
447 1282 454 1295 ,
469 1271 514 1290 aur
525 1261 675 1290 catarffica
684 1259 818 1291 dicuntur
831 1282 839 1295 ‚
850 1263 878 1290 in
889 1259 974 1290 fibras
984 1259 1136 1290 ventriculi
1149 1265 1206 1290 vim
1221 1262 1298 1291 suam

67 1313 198 1333 exercent
213 1325 222 1338 ‚
242 1315 287 1334 eas
307 1303 369 1345 plus
392 1301 476 1333 solito
493 1301 669 1338 succutiunt,
685 1306 716 1333 δέ
732 1303 767 1334 ad
781 1305 1008 1334 contractionem
1023 1313 1181 1344 provocant
1193 1326 1201 1338 ‚
1220 1315 1298 1334 tum-

67 1356 124 1386 que
145 1345 288 1377 craffiores
306 1346 400 1376 sordes
417 1348 541 1388 primurn
554 1349 734 1375 excutiuntur
747 1368 756 1381 ‚
778 1345 856 1376 fibrae
872 1345 936 1387 plus
953 1346 1017 1375 satis
1040 1347 1192 1375 commeta
1210 1347 1297 1387 glan-

67 1387 146 1418 dulas
161 1388 272 1419 reticuli
286 1399 419 1431 premunt
436 1390 538 1418 arctius
551 1410 558 1422 ,
573 1399 607 1417 ex
627 1391 660 1418 iis
676 1387 766 1418 serum
780 1400 838 1430 quo
852 1398 965 1429 turgent
976 1409 984 1422 ,
1007 1389 1176 1429 exprimimr
1192 1402 1197 1419 1
1212 1400 1296 1432 atque

67 1442 98 1460 ea
112 1433 220 1462 ratione
232 1435 278 1462 via
291 1432 420 1462 sternitur
434 1429 526 1461 seroso
546 1430 621 1461 latici
635 1453 643 1465 ,
664 1434 713 1473 qui
735 1431 752 1460 ὲ
763 1430 894 1473 sanguine
914 1434 942 1461 in
951 1429 1100 1472 glandulas
1113 1435 1294 1463 continenter

68 1473 211 1505 allabitur.
236 1477 314 1505 Tum
326 1478 402 1506 enim
419 1474 484 1504 huic
501 1472 613 1504 facilior
627 1474 665 1504 cst
682 1473 775 1505 aditus
793 1477 823 1505 in
835 1485 880 1504 eas
895 1472 1044 1515 glandulas
1058 1495 1067 1508 ‚
1090 1477 1120 1502 ἅ
1136 1485 1184 1516 per
1197 1486 1294 1505 earum

67 1517 159 1548 cribra
176 1517 317 1554 filtratur,
343 1521 374 1549 δε
396 1516 565 1561 percolatur.
595 1518 656 1557 Qi
672 1516 789 1559 quidem
806 1516 886 1547 serofi
908 1516 1003 1546 latices
1022 1527 1076 1546 una
1095 1516 1186 1546 secum
1206 1517 1296 1549 deve-

67 1561 140 1591 hunt
160 1560 253 1592 sordes
272 1561 375 1607 quibus
393 1559 519 1592 inficitur
538 1561 680 1602 sanguinis
701 1560 796 1591 massa.
822 1562 892 1601 Qo
907 1563 1006 1602 utique
1031 1558 1119 1590 modo
1135 1559 1244 1602 sanguis
1264 1565 1294 1592 vi

67 1604 266 1636 medicaminis
279 1616 440 1636 commotus
452 1626 461 1639 ,
474 1607 504 1634 &
520 1603 740 1646 quodammodo
754 1603 894 1634 ebulliens
906 1614 1085 1647 expurgatur.

101 1650 184 1678 VIII.
211 1652 284 1681 Non
296 1647 439 1680 dissimilis
453 1648 491 1678 est
501 1647 622 1678 aliorum
633 1646 857 1678 medicaminum
872 1649 944 1677 ratio
958 1657 1022 1676 cum
1037 1649 1137 1676 noxios
1147 1646 1293 1689 expellunt

69 1690 203 1721 humores
219 1715 228 1727 ‚
240 1703 286 1723 aut
301 1691 457 1723 naturalem
471 1693 504 1721 iis
518 1691 618 1721 statum
634 1691 781 1721 restituunt
798 1704 803 1721 :
820 1690 865 1720 seu
876 1690 933 1732 ipsa
947 1689 1055 1720 fufione
1070 1689 1150 1720 serosi
1165 1692 1293 1720 humoris

68 1736 181 1778 copiam
194 1756 203 1769 ,
216 1735 395 1778 suppeditent
410 1746 465 1778 qua
483 1732 557 1764 feces
567 1737 596 1764 in
610 1733 762 1765 visceribus
775 1734 932 1775 stagnantes
943 1732 1112 1776 proluuntur
1124 1758 1131 1770 ,
1146 1735 1294 1763 materiam

69 1776 116 1807 seu
135 1777 268 1808 humores
284 1778 359 1822 ipsos
378 1778 393 1808 ὲ
413 1778 561 1822 peregrina
575 1779 691 1807 materia
711 1773 815 1807 solutos
830 1776 866 1808 fic
879 1787 1058 1819 componunt
1072 1799 1081 1811 ,
1098 1787 1127 1805 ur
1142 1789 1190 1819 per
1200 1777 1294 1806 cribra

69 1819 121 1850 srbi
139 1831 230 1863 aptata
245 1821 399 1852 commode
420 1825 450 1852 ὃ(
470 1820 565 1851 libere·
579 1819 728 1850 transeant.
754 1821 830 1850 Cum
848 1822 924 1850 enim
941 1821 1044 1861 majori
1058 1821 1139 1861 copia
1156 1821 1190 1848 in¹
1203 1830 1298 1860 partes«

69 1862 144 1893 male
164 1862 278 1894 affectas
296 1863 473 1899 illabuntur,
497 1862 516 1894 fi
537 1873 599 1904 qua:
621 1862 693 1905 sintt,
712 1862 919 1894 obstrutstiones
940 1861 1102 1904 expediunt.
1128 1864 1161 1892 Et
1177 1861 1294 1903 quidem

69 1905 89 1936 si
104 1906 283 1937 obstruantur
308 1907 370 1938 vasa
394 1907 505 1938 biliaria
520 1929 528 1942 ‚
548 1905 628 1937 illam
653 1918 712 1936 non
736 1906 843 1938 auferet
859 1906 1081 1936 obstruciioncm
1101 1906 1210 1946 sanguis
1223 1904 1295 1934 ube-

68 1952 128 1979 rior
151 1949 293 1987 cuiusdam
319 1950 516 1981 medicaminis
536 1949 680 1993 particulis
696 1950 885 1992 aperientibus
903 1953 1127 1992 impl-rgnatus,
1147 1958 1212 1976 cum
1233 1948 1298 1976 sin-

70 1997 133 2033 guis
151 1994 202 2023 hos
216 1992 315 2023 ductus
336 2005 395 2024 non
413 1993 545 2037 pervadat
568 2007 574 2024 ε
599 1992 645 2023 sed
659 1991 723 2023 bilis
746 1992 804 2035 ipsa
826 2004 874 2035 per
896 2004 926 2022 ea
951 1993 1013 2021 vasa
1035 1989 1083 2020 libi
1100 1994 1209 2020 muniet
1230 1991 1299 2021 adi-

71 2045 131 2065 turn
145 2062 153 2071 ,
178 2035 196 2066 ii
223 2035 255 2066 (ir
276 2035 390 2067 uberior
405 2058 414 2072 ,
438 2049 484 2068 aut
502 2035 629 2067 fluidior.
654 2035 740 2067 Unde
759 2047 821 2078 quat
844 2036 977 2065 dicuntur
1004 2034 1130 2074 liepatica
1148 2033 1272 2063 remedia
1287 2055 1302 2068 2-

72 2077 172 2110 eadem
189 2079 233 2111 vel
253 2078 341 2110 bilem
363 2091 485 2122 augent,
505 2079 575 2111 dum
594 2078 755 2122 sulphureas
774 2079 914 2119 sanguinis
928 2088 1019 2121 partes
1046 2076 1152 2116 liquant
1170 2103 1176 2111 ,
1197 2087 1228 2107 ac
1253 2076 1299 2106 bis·

1019 2122 1043 2150 V
1060 2132 1075 2150 u
1109 2121 1133 2156 ij!
