1638 2345
326 126 387 155 '126
630 119 801 154 REGIAE
843 121 1236 156 SC1ENT1ARUM

209 164 300 198 Ami.
327 169 357 197 δέ
383 169 510 209 priorem
525 166 645 197 crustam
671 165 817 197 succrescit
833 188 843 201 ‚
864 177 926 208 quae
944 165 1027 196 instar
1044 165 1163 206 glutinis
1181 167 1306 198 adhaetet
1325 189 1335 203 ‚
1356 178 1476 212 eamque
1499 176 1554 201 an:

213 215 304 250 1674.
327 210 449 240 trorsum
482 208 562 252 pellit
578 231 588 245 ,
616 219 701 251 atque
724 211 763 239 ita
793 208 926 254 deinceps
948 208 1009 238 aliae
1033 209 1094 240 aliis
1114 210 1274 240 accrescunt
1297 209 1355 241 fere
1378 223 1409 242 ut
1428 212 1555 244 cochlea:

322 254 352 282 in
372 251 521 283 limacibus
537 275 544 287 ,
566 262 612 282 aut
635 252 750 283 conchae
766 254 795 282 in
815 253 912 283 ostreis
927 274 936 287 ,
957 262 992 281 ex
1007 251 1134 295 pluribus
1153 253 1255 295 nempe
1269 252 1389 285 lamellis
1407 266 1452 286 aut
1475 255 1555 287 foliis

322 294 496 340 composizae.
522 295 608 327 Unde
633 298 663 325 δέ
681 306 749 325 cava
766 306 874 327 cornua
889 294 1058 338 plerumque
1081 299 1157 338 tugis
1178 294 1240 326 sunt
1255 296 1350 338 aspera
1376 301 1406 328 &
1427 297 1555 330 facilem

323 337 392 369 folia
417 338 595 369 dividuntur.

366 381 466 412 Solidt
486 392 548 421 quse
570 380 631 411 sunt
655 392 760 412 cornua
776 393 810 412 ex
832 380 978 425 superficie
1001 385 1140 412 exteriore
1160 381 1272 413 aluntur
1291 385 1321 413 δε
1336 383 1490 419 crescunt,
1512 394 1558 415 at-

321 434 376 464 quc
394 436 427 454 ex
451 424 600 454 substantia
622 427 713 466 magis
731 436 841 455 terrena
855 426 982 455 constant
1005 436 1090 467 quarn
1118 436 1186 456 cava
1212 436 1274 467 qua:
1299 425 1314 455 ὲ
1335 429 1450 456 materia
1463 438 1559 469 aquo-

319 467 390 497 fiore
412 465 583 499 formantur.
608 470 688 499 Natu
704 470 777 509 ignis
795 466 887 498 calore
907 468 966 498 liaec
986 466 1057 497 fiunt
1080 467 1215 498 molliora
1242 481 1248 498 :
1273 478 1426 499 cervorum
1449 481 1559 500 cornua.

321 508 356 539 de
372 508 475 540 ossium
491 531 500 544 ‚
523 512 585 540 imo
605 513 633 541 ἔς
653 510 688 540 de
706 510 835 553 lapidum
855 521 954 540 natura
971 511 1094 541 multum
1112 510 1246 543 referunt.
1270 510 1357 542 Unde
1372 515 1400 542 &
1417 516 1446 542 in
1462 516 1558 554 majo-

321 563 350 582 xe
374 552 450 582 oculi
475 552 581 593 angulo
599 552 740 593 lapideam
766 552 947 583 substantiam
967 565 1030 596 quae
1050 552 1195 594 lachryma
1215 555 1292 584 cervi
1311 553 1486 596 appellatur,
1505 554 1558 588 offi

321 595 476 626 accrescere
490 595 578 635 vulgo
593 596 725 627 afferunt.
750 598 795 626 Os
808 595 923 639 quidem
943 598 972 625 in
987 597 1081 626 cordis
1097 596 1166 628 basis
1180 596 1367 639 conspicuum
1380 597 1451 628 illud
1467 602 1559 642 iplum

321 637 476 669 confirmat
497 660 507 673 ,
536 638 593 669 hoc
620 638 728 669 animal
750 639 832 670 succo
850 638 993 670 abundare
1014 641 1064 682 qui
1087 643 1117 671 in
1137 640 1242 671 offcam
1265 643 1294 671 δέ
1314 639 1390 683 quast
1415 640 1559 684 lapideam

324 680 508 711 substantiam
533 680 615 711 facile
638 683 802 712 concrescit.

367 724 492 765 Reliqua
513 727 695 755 omittimus:
712 725 911 755 Intestinorum
929 724 1076 757 volumina
1091 730 1126 761 96
1147 725 1265 769 pedibus
1278 725 1363 768 longa
1381 738 1468 757 erant.
1486 730 1558 759 Haec

322 767 419 808 utique
441 777 517 797 tanta
533 767 687 810 longitudo
706 771 734 798 in
760 767 850 798 brutis
863 778 926 808 quae
948 779 982 798 ex
1006 769 1102 802 herbis
1126 773 1249 807 vivunt,
1273 770 1335 801 satis
1359 771 1483 812 vu'giris
1501 771 1557 807 cst,

322 820 382 839 non
403 811 471 840 item
494 812 522 840 in
545 812 577 839 iis
595 821 658 854 qsae
675 810 807 841 carnibus
833 810 984 841 vescuntur
1012 815 1090 854 quod
1117 811 1173 842 illis
1200 812 1294 842 herba:
1321 815 1463 843 minorem
1485 812 1559 845 succi

321 851 485 883 alimentitii
516 856 630 894 copiam
659 852 864 896 suppeditent,
887 852 994 885 ncctss'e
1015 857 1087 886 adeo
1107 855 1192 885 fuerit
1212 866 1241 885 ut
1265 855 1367 900 amplis
1393 856 1560 888 ventriculis

323 906 462 930 muntem
485 894 636 925 herbarum
659 899 826 938 congeriem
854 900 1033 928 continerent
1058 922 1067 935 ,
1099 903 1128 930 ὃ(
1152 898 1259 929 diutius
1285 903 1313 930 in
1337 898 1399 939 iffis
1422 901 1559 931 itittssinis

323 936 424 967 caloris
444 937 579 968 naturalis
598 941 626 968 vi
639 949 837 982 coquerentur·
860 939 948 972 Unde
967 943 996 971 in
1010 951 1095 974 cervo
1114 944 1186 974 utin
1199 942 1406 974 ruminantibus
1419 942 1454 974 sic
1478 953 1559 974 erant

330 979 457 1022 dispositi
477 980 639 1012 ventriculi.

737 1138 998 1175 CAPUT
1069 1139 1146 1176 lv.

547 1243 597 1272 De
617 1239 753 1285 Historia
779 1240 955 1274 anatomici:
983 1239 1187 1288 quarumdam
1212 1241 1336 1279 avium,

332 1329 445 1403 I.D
456 1330 477 1359 Ε
494 1329 711 1373 quadrupedum
722 1342 824 1374 genere
833 1332 967 1363 haetenus
981 1347 987 1364 :
1002 1344 1077 1364 nune
1087 1333 1122 1364 ad
1134 1332 1249 1364 volatile
1263 1332 1463 1365 transeundum
1477 1335 1558 1378 quod

457 1375 559 1414 mojori
572 1372 709 1403 brevitate
721 1385 925 1416 percurremus.
950 1378 991 1406 Ac
1004 1379 1127 1418 primum
1138 1379 1261 1407 occurrit
1276 1377 1433 1408 Aristotelis
1447 1379 1557 1415 Corax,

325 1413 372 1443 vel
389 1426 418 1445 ut
433 1415 494 1445 aliis
512 1415 603 1457 placet
616 1438 624 1451 ,
645 1427 748 1446 corvus
767 1420 910 1454 maninus,
932 1430 958 1449 v.
976 1422 1118 1449 Cormoran
1132 1446 1140 1455 ,
1157 1423 1206 1463 qui
1221 1420 1352 1461 frequens
1365 1421 1402 1451 tst
1423 1424 1452 1451 in
1473 1425 1559 1452 maris
1602 1449 1610 1453 ‚

325 1454 481 1488 littoribus.
515 1458 660 1501 Oblongo
681 1462 704 1488 is
725 1460 764 1489 est
794 1461 884 1491 rostro
900 1486 908 1496 ‚
931 1461 1042 1492 adunco
1065 1466 1094 1492 ὅ(
1117 1474 1200 1493 acuto
1219 1485 1229 1498 ,
1253 1474 1311 1504 quo
1335 1463 1421 1506 pisces
1441 1468 1533 1507 capiat
1549 1478 1559 1496 2

325 1498 372 1530 sed
391 1511 455 1530 cum
476 1501 492 1531 ὲ
514 1512 596 1543 tergo
619 1513 747 1538 tantum,
770 1514 816 1534 aut
836 1503 851 1532 a
872 1503 1003 1535 lateribus
1023 1507 1056 1535 iis
1073 1504 1217 1536 insidietur
1232 1528 1242 1541 ‚
1263 1517 1347 1548 atquc
1361 1505 1400 1537 tb
1419 1518 1478 1537 eam
1492 1519 1559 1538 cau·

325 1541 382 1572 sam
401 1555 501 1574 corum
520 1544 640 1575 caudam
655 1556 702 1576 aut
725 1548 824 1589 pinnas
844 1546 984 1589 deglutire
1005 1559 1062 1578 non
1083 1546 1165 1590 possit
1182 1571 1191 1583 ,
1210 1560 1307 1592 captos
1327 1549 1432 1580 sursum
1450 1554 1478 1580 in
1492 1554 1558 1581 ae're

325 1582 361 1614 sic
383 1589 497 1628 projicit
521 1607 528 1620 ‚
560 1599 589 1618 ut
615 1599 699 1631 caput
728 1600 830 1631 magna
856 1589 1020 1620 dexteritate
1042 1593 1166 1634 primum
1187 1595 1307 1634 excipiat
1332 1615 1339 1627 ,
1369 1604 1422 1622 nec
1447 1593 1558 1625 aberret

324 1638 459 1669 unquam.
485 1628 533 1659 Ad
553 1630 740 1670 piscationem
756 1632 815 1662 liaec
831 1635 890 1663 avis
908 1644 1011 1674 magno
1030 1633 1090 1664 usui
1109 1633 1162 1664 effe
1182 1634 1251 1665 solet
1277 1648 1283 1666 ι
1307 1634 1352 1666 scd
1370 1635 1438 1666 colli
1451 1635 1557 1667 oblon-

323 1672 412 1711 giOtis
433 1683 494 1713 pars
515 1672 615 1702 infima
635 1673 741 1703 annulo
762 1674 854 1705 ferreo
878 1676 1077 1719 constringitur
1092 1699 1103 1712 ,
1123 1689 1158 1707 nc
1178 1677 1266 1721 pisces
1285 1678 1440 1722 oesophago
1460 1678 1557 1710 latiori
1589 1696 1591 1699 ⁴

325 1717 433 1755 excepti
459 1718 518 1756 ejus
542 1716 734 1747 ventriculum
751 1717 877 1750 subeant.

369 1759 503 1797 Qatuor
527 1758 606 1800 pedis
626 1759 710 1802 digiti
730 1760 903 1792 membranis
917 1773 994 1792 erant
1007 1762 1134 1793 devincti
1151 1774 1181 1794 tit
1201 1766 1228 1794 in
1245 1762 1351 1794 Ansere
1371 1766 1557 1806 Scoticojam

325 1809 388 1829 ante
408 1799 588 1831 observatum
613 1804 713 1834 fuerat.
736 1806 869 1845 Qatuor
889 1804 932 1835 illi
951 1805 1034 1847 digiti
1051 1806 1065 1834 ὲ
1087 1810 1181 1848 primo
1202 1806 1236 1836 ad
1258 1806 1392 1837 ultimum
1419 1820 1468 1851 pet
1489 1820 1555 1851 gra-

324 1841 377 1872 dus
399 1841 609 1874 decrescebant.
637 1846 749 1877 Primus
769 1846 942 1886 extrorsum,
965 1849 1064 1890 reliqui
1082 1849 1236 1879 introrsum
1252 1850 1427 1891 vergebant,
1447 1855 1557 1894 primus

325 1888 451 1928 quinque
465 1908 474 1920 ‚
493 1886 629 1917 sccundus
646 1899 768 1930 quatuor
783 1912 793 1925 ,
814 1894 911 1921 tertius
927 1890 1017 1923 tribus
1030 1914 1039 1926 ‚
1059 1891 1174 1922 ultimus
1190 1892 1302 1923 duobus
1318 1905 1428 1924 tantum
1448 1893 1556 1926 offibus

327 1929 480 1958 constabat.

369 1973 514 2002 Strutstura
535 1972 639 2015 pedum
655 1977 790 2005 natationi
809 1975 866 2006 visa
886 1977 923 2006 cst
937 1978 1060 2008 maxime
1079 1988 1110 2007 ac
1124 1979 1305 2010 commodata
1322 1992 1328 2010 :
1353 1979 1455 2024 triplici
1477 1984 1556 2013 enim

328 2014 493 2045 membrana
521 2027 641 2058 quatuor
663 2017 745 2058 digiti
767 2030 823 2048 una
845 2018 971 2061 colligati
999 2030 1100 2061 aquam
1120 2033 1220 2064 magna
1245 2023 1379 2054 facilitate
1400 2023 1555 2055 retrorsum

329 2068 426 2098 agunt.
452 2059 532 2097 Qin
553 2061 638 2089 etiam
664 2059 791 2091 Gesncro
811 2062 875 2092 teste
899 2084 908 2097 ‚
937 2063 1008 2105 pede
1033 2063 1122 2094 altero
1148 2065 1270 2107 ptaedam
1292 2066 1399 2097 sursum
1424 2067 1555 2106 vehunt,

329 2110 396 2130 euin
421 2103 536 2132 interim
564 2100 671 2145 pedum
695 2103 794 2148 digitis
815 2108 845 2137 ὃ(
865 2105 1040 2137 membranis
1061 2108 1215 2140 introrsum
1237 2108 1356 2142 deflexis
1373 2120 1475 2153 aquam
1501 2109 1555 2141 sub
