1638 2345
295 76 590 110 ACADEMIAE
625 74 939 106 HISTORIA.
975 74 1054 103 Lrss.
1085 75 1108 103 1.
1293 82 1327 111 37

106 123 220 155 tandem
242 126 335 154 attrita
351 125 443 152 minus
466 120 513 151 fiat
537 130 673 150 accurata.
694 118 781 150 Unde
809 119 849 149 D.
871 114 970 147 Picard
997 115 1080 146 aliam
1101 113 1269 146 dimetiendi
1284 118 1327 145 in·
1344 116 1377 144 A
1401 123 1443 144 ro-

107 178 148 197 ter
165 165 282 209 capillos
305 166 464 196 distantiam
485 174 532 207 pet
553 161 772 204 microscopium
794 163 966 202 excogitavit
988 162 1074 190 viam.
1344 161 1444 190 nomica

142 212 226 240 Hanc
246 213 274 240 in
288 220 347 240 rem
363 209 426 239 usus
444 207 482 237 cst
501 205 597 248 regul&⁴
626 208 654 235 in
683 215 772 247 partes
798 215 872 241 400.
901 201 992 233 divisa
1009 225 1018 237 ‚
1046 212 1132 244 eaque
1163 212 1219 232 erar
1248 204 1332 231 unius

107 253 208 296 pedis,
230 264 290 283 rum
312 251 533 292 microscopium
556 247 684 279 adhibuit
703 246 781 289 quod
807 247 843 276 eo
866 245 952 287 usque
976 244 1174 286 producebat,
1194 243 1263 275 dum
1289 255 1334 274 re,

105 307 169 327 rum
193 299 328 338 imagines
352 294 472 336 sexagies
498 303 633 334 augeret,
656 290 735 331 quod
763 289 838 320 factu
860 288 941 319 facile
969 288 1021 318 fuit
1047 287 1188 329 sexaginta
1209 286 1334 329 partibus

106 341 136 368 in
158 338 252 380 regula
276 337 444 380 designatis,
467 340 498 367 δε
527 346 584 366 uno
609 333 760 364 oculorum
778 336 806 364 in
823 332 1043 374 microscopium
1063 334 1175 361 intento
1188 355 1197 365 ,
1215 329 1283 360 dum
1297 328 1336 359 al-

107 384 192 412 terius
213 380 289 412 oculi
307 392 360 423 ope
385 379 525 421 sexaginta
547 388 635 420 partes
656 377 758 418 regula:
782 376 1011 418 conspicerentur
1030 396 1039 409 ,
1058 377 1088 404 δέ
1119 384 1242 415 utraequc
1259 383 1335 414 img-

105 424 250 454 nitudines
278 423 396 466 aequalcs
422 425 497 452 inter
522 420 548 451 se
570 431 744 464 apparerent.
773 422 852 450 Tum
883 421 959 448 enim
980 416 1052 447 illud
1075 415 1252 459 perspicuum
1283 413 1336 454 fit,

107 466 144 497 sic
164 466 331 510 dispositum
352 464 576 507 microscopium
601 474 696 494 rerum
711 465 847 505 imagines
869 460 993 504 sexagies
1013 471 1115 502 augere
1133 461 1163 489 in
1182 459 1282 490 eadem
1295 457 1337 489 di-

108 510 215 541 stantia,

139 552 253 595 Qibus
278 555 330 583 rite
361 552 480 594 peraffis
506 561 572 581 cum
603 551 698 590 imago
733 551 806 579 intra
839 547 896 578 duo
920 545 968 576 fila
989 546 1071 590 plane
1104 550 1256 589 intercepta
1288 548 1339 585 ju-

109 595 200 627 dicati
220 597 329 630 fuerat,
356 594 505 624 reticulum
528 592 629 634 regula:
651 590 700 632 ipsi
725 592 762 620 cst
790 590 991 632 applicandum
1012 612 1021 625 ‚
1056 594 1085 621 ὃ(
1108 601 1156 631 per
1181 588 1339 620 microsco-

107 641 187 681 pium
202 639 370 668 intuendum
384 648 467 678 quarn
483 634 585 678 regula:
598 632 768 664 divisionem
788 637 915 675 attingat.
934 632 1058 674 Reliqua
1080 632 1145 662 loco
1166 635 1252 662 citato
1267 643 1339 674 ope-

109 685 146 712 ris
167 692 255 724 nuper
276 681 345 711 editi
363 678 489 710 dilucide
499 688 689 720 exponuntur.

134 727 194 756 VI.
222 726 265 754 Ac
284 723 367 754 nobis
391 734 462 765 pene
483 720 624 752 exciderat
647 716 764 760 Eclipfis
782 718 857 749 Solis
873 730 934 761 qus
954 718 1000 749 die
1025 729 1050 748 2.
1068 717 1139 760 Julii
1163 723 1228 749 anni
1249 721 1338 750 1666.

110 771 140 798 in
160 767 267 798 xdibm
296 769 336 796 D.
356 765 479 796 Colbert
501 764 607 794 stimma
626 775 691 793 cura
706 762 796 792 suerat
820 762 968 793 observata
990 761 1004 790 a
1034 762 1245 792 Math=.nnticis
1262 761 1341 804 supra

111 814 275 842 memoratis
299 811 340 840 D.
362 811 402 840 D.
418 810 540 850 Hugens
555 830 563 842 ‚
586 803 751 844 Roberval‚
770 805 905 840 Auzout,
929 804 1054 835 Frenicle
1068 827 1076 840 ‚
1100 806 1184 836 Buot.
1202 806 1245 835 Hi
1259 815 1342 835 narn-

111 866 167 898 que
193 865 252 885 tum
269 856 406 897 temporis
427 855 486 894 jam
502 850 558 881 unit
573 850 730 881 constitutis
754 847 853 880 dicbus
874 852 903 880 in
921 847 1133 880 Bibliothecain
1151 849 1192 880 D.
1216 847 1342 878 Colbert

111 896 331 929 conveniebant.

149 942 227 971 Cum
251 943 269 970 ii
293 943 394 971 cuncta
419 950 482 982 quae
500 950 570 982 opus
593 947 671 968 erant
693 935 728 967 ad
750 935 979 967 observationem
1001 945 1060 965 tum
1077 934 1186 978 eclipsis
1206 934 1311 965 lunaris
1331 956 1342 970 ‚

115 995 176 1026 quae
202 984 248 1014 die
276 989 323 1014 16.
347 985 449 1027 Junii,
471 993 532 1012 tum
553 980 649 1012 solaris
673 990 734 1021 qua:
752 991 778 1010 z.
795 979 866 1022 Julii
887 980 981 1010 futura
1004 989 1061 1008 erat
1078 1004 1086 1016 ‚
1116 975 1343 1021 comparassent,

114 1027 193 1058 coelo
217 1025 345 1057 nubibus
368 1026 495 1057 obdutsto
521 1027 608 1056 Lunae
622 1022 747 1053 defectio
769 1023 862 1054 videri
884 1034 942 1053 non
971 1023 1082 1064 potuit;
1105 1033 1166 1052 eam
1195 1031 1290 1051 tamen
1313 1023 1343 1050 in

117 1069 196 1101 Italia
214 1070 287 1111 jussu
301 1067 464 1100 serenissimi
481 1069 622 1109 Principis
641 1066 786 1096 Hetruriae
806 1066 948 1108 Leopoldi
961 1088 969 1100 ‚
993 1064 1062 1093 hora
1082 1076 1112 1103 7.
1133 1076 1183 1104 34.
1204 1062 1344 1094 min.ob-

115 1113 251 1145 servatam
287 1113 372 1143 refert
404 1113 445 1142 D.
470 1112 564 1152 Payen
595 1112 624 1139 in
646 1108 828 1152 Ephcmerid.
850 1108 1033 1139 Eruditorum
1066 1107 1112 1138 die
1134 1113 1151 1137 6
1168 1106 1343 1148 Septembris

115 1160 176 1198 ejus
194 1159 280 1191 anni,
301 1155 349 1186 ubi
370 1154 509 1185 nonnulla
531 1155 696 1196 cognitione
714 1151 801 1193 digna
828 1161 1046 1182 commemorat.
1071 1152 1110 1180 Ea
1132 1150 1186 1180 fiut
1208 1151 1343 1180 horizon-

116 1200 198 1235 talis,
215 1211 276 1242 quae
297 1198 361 1229 raro
379 1197 428 1229 sub
452 1197 552 1228 oculos
570 1197 669 1229 venit,
692 1194 762 1224 adeo
775 1206 805 1225 ut
825 1195 876 1225 Sol
892 1199 921 1226 δε
946 1197 1028 1225 Luna
1050 1191 1132 1223 simul
1159 1193 1343 1234 conspician-

118 1254 163 1273 tur
177 1247 203 1274 iu
217 1244 379 1274 horizonte.
400 1244 435 1272 In
453 1241 506 1271 hac
522 1242 609 1270 Lunae
618 1237 781 1268 defectione
799 1237 888 1268 nubes
898 1239 1047 1268 horizonti
1061 1234 1190 1267 finitimae
1206 1235 1282 1266 Solis
1298 1247 1344 1266 aut

122 1288 210 1317 Lunat
232 1285 416 1329 conspcstum
436 1283 527 1314 oculis
542 1282 699 1313 subduxere
713 1293 721 1315 ·‚
735 1292 816 1323 atque
828 1282 884 1312 hoc
900 1281 1116 1312 Pliaenomenon
1129 1290 1279 1322 perparum
1288 1278 1346 1309 du-

119 1339 180 1364 rat3
208 1329 283 1359 unde
297 1340 351 1359 tres
372 1327 484 1358 tantum
501 1338 533 1357 tx
548 1327 629 1356 omni
656 1325 809 1355 hcminum
832 1328 972 1356 mtmoria
989 1322 1129 1365 ejusmodi
1157 1322 1272 1366 eclipses
1294 1321 1347 1352 ob·

121 1371 235 1404 servarae
248 1383 449 1403 memorantur.

159 1417 194 1446 In
220 1417 302 1446 Aeris
328 1416 490 1445 Academiae
515 1412 615 1443 mensis
633 1413 711 1454 Junii
733 1422 808 1440 anno
846 1416 933 1447 1692.
957 1409 1026 1441 illud
1048 1410 1063 1440 ὲ
1088 1411 1128 1442 D.
1149 1407 1267 1439 Caslino
1286 1420 1346 1439 mc-

122 1470 264 1489 moratum
282 1461 451 1492 invenimus,
468 1468 604 1499 magnum
618 1458 760 1487 Hetruriae
777 1455 890 1484 Ducem
907 1453 1096 1484 Astronomos
1112 1455 1141 1483 in
1162 1452 1270 1482 diversa
1291 1455 1346 1482 mi-

123 1501 181 1532 fiffe
193 1500 255 1534 loca
267 1505 315 1544 qui
325 1513 386 1532 eam
402 1503 489 1531 Lunae
505 1498 698 1530 defectionem
711 1497 906 1531 observarent,
917 1508 998 1538 atque
1010 1499 1043 1527 iis
1054 1495 1118 1526 solis
1134 1498 1183 1537 qui
1195 1493 1268 1525 miffi
1285 1496 1346 1525 sunt

123 1549 153 1576 in
169 1556 287 1587 parvam
304 1543 429 1575 Insulam
443 1566 452 1579 ,
463 1554 524 1585 qum
538 1544 688 1585 Gorgonia
702 1540 816 1575 dicitur,
827 1551 938 1582 [tmpus
956 1539 1060 1575 favisse,
1074 1542 1180 1569 caeter'is
1189 1537 1347 1569 obductum

125 1588 233 1619 coelum
253 1585 385 1619 obstitisle
404 1590 557 1628 quominus
581 1583 792 1616 horizontalem
815 1583 894 1614 illam
916 1581 1043 1626 eclipsim
1065 1593 1222 1613 cernerent.

154 1631 229 1662 Solis
239 1642 331 1662 autem
342 1628 466 1661 defectio
477 1629 523 1659 die
538 1640 561 1659 2.
574 1627 643 1671 Julii
657 1628 725 1658 hora
736 1629 833 1668 quinta
843 1628 978 1657 matutina
990 1637 1080 1667 43.m.
1098 1636 1141 1654 zo.
1157 1626 1208 1655 sec.
1220 1627 1346 1666 incoepit.

126 1676 257 1706 Maxima
278 1674 330 1705 fuit
346 1685 376 1711 7.
398 1674 558 1716 digitorum
583 1675 611 1702 &
626 1677 669 1711 56.
687 1682 726 1702 m.
738 1669 834 1711 phases
850 1680 951 1700 omnes
963 1666 1165 1699 accuratissime
1179 1667 1239 1698 sunt
1254 1667 1351 1697 obser-

125 1729 216 1750 vatae:
244 1729 277 1748 ex
292 1717 395 1759 quibus
417 1718 554 1746 diameter
578 1718 663 1746 Lurae
680 1713 765 1756 paulo
783 1716 880 1744 minor
893 1711 967 1743 Solis
984 1712 1125 1742 diametro
1144 1734 1152 1745 ,
1177 1722 1224 1741 aur
1251 1709 1349 1741 saltem

126 1761 240 1803 aequalis
259 1763 397 1803 apparuit,
410 1770 474 1790 curn
488 1757 589 1788 tabulae
604 1758 820 1791 Astronomicae,
843 1756 917 1788 Solis
930 1755 1099 1785 diametrum
1110 1757 1252 1784 minorem
1264 1753 1351 1796 quarn

125 1815 220 1834 revera
230 1803 261 1834 sit
271 1803 432 1835 exhibeant.
448 1803 528 1832 Nam
538 1804 565 1831 in
582 1802 711 1844 Apogaeo
723 1801 761 1830 est
776 1810 823 1837 30.
835 1812 873 1831 m.
894 1812 933 1840 35.
949 1798 999 1828 sec.
1011 1810 1075 1829 cum
1100 1796 1238 1840 Keplerus
1256 1800 1284 1826 &
1302 1796 1351 1826 alii

130 1859 178 1885 30.
201 1846 313 1877 ramum
338 1849 363 1876 ei
388 1849 499 1875 minuta
515 1843 651 1876 tribuant.
664 1846 710 1874 Sic
728 1843 900 1874 diametrum
925 1843 1012 1872 Lunx
1031 1842 1102 1884 justo
1123 1844 1262 1882 majorem
1287 1837 1350 1869 effi-

127 1901 213 1920 ciunt.

163 1934 198 1962 Er
223 1932 339 1975 quidem
361 1931 407 1962 die
430 1937 458 1964 8.
479 1931 550 1975 Julii
574 1942 637 1961 cum
652 1932 732 1961 Luna
752 1928 818 1961 esset
833 1931 951 1972 perigaea
966 1932 997 1959 δε
1017 1929 1046 1957 in
1066 1930 1157 1970 prima
1171 1925 1351 1968 quadratura,

128 1979 202 2006 circa
216 1976 316 2006 horam
330 1977 461 2006 octavam
472 1987 537 2007 cum
549 1971 673 2008 semisse,
686 1973 824 2004 diameter
836 1976 896 2013 ejus
912 1970 969 2001 visa
982 1972 1019 2002 est
1032 1983 1073 2010 33.
1085 1982 1121 2000 m.
1143 1969 1189 1999 die
1218 1979 1263 2007 14.
1284 1979 1349 1998 cum

130 2017 197 2049 esset
209 2022 236 2048 in
248 2018 342 2049 media
354 2017 392 2048 sui
405 2017 595 2061 longitudine,
610 2016 663 2047 fuit
678 2027 715 2054 3¹-
728 2028 767 2046 m.
781 2028 826 2057 35.
840 2015 890 2045 sec.
903 2014 949 2045 dic
960 2026 1001 2047 ιι..
1012 2024 1077 2043 cum
1090 2011 1280 2053 effctapogaea
1292 2013 1351 2041 cir-

131 2073 163 2092 ca
177 2066 288 2093 tertiam
299 2061 314 2092 5,
325 2060 417 2092 media
428 2064 511 2093 nocte
521 2062 621 2092 horam
634 2070 679 2097 29.
689 2071 728 2090 m.
744 2070 788 2099 50.
801 2060 854 2091 sec.
870 2061 1008 2101 apparuit.
1021 2058 1150 2099 Atquein
1169 2053 1353 2086 dimetiendiz

1151 2099 1172 2128 E
1190 2100 1220 2139 iij
