1638 2345
245 192 345 222 An.

360 149 414 180 '108
672 150 854 182 REGIAE
891 124 1303 183 SCIENTIARLlM

399 191 532 223 Latitudo
553 202 646 224 autem
670 205 805 236 apparens
826 198 886 234 ejus
907 193 1008 224 Insula:
1022 195 1128 224 eruitur
1149 204 1182 223 ex
1201 191 1392 225 solstitialibus
1405 190 1581 224 obstrvan'o:

250 241 347 273 1672,
363 233 446 265 nibus
464 246 507 277 gr.
525 247 565 275 4,
587 241 620 277 56
633 257 642 270 ‚
667 247 697 266 iz
711 261 719 271 ,
746 247 811 266 veta
826 247 921 266 autem
940 247 990 279 per
1012 236 1212 267 refractionem
1237 236 1362 267 correQa
1382 234 1398 265 ὶ
1421 236 1461 265 D.
1484 234 1581 266 Caffi-

247 279 276 307 &
300 291 345 320 73·

362 279 414 311 ni,
442 289 484 320 gr.
502 292 544 318 4,
589 284 625 313 6,
652 289 701 316 17,
725 289 750 308 z.

393 324 504 352 vcium
527 291 708 351 cx5mixima
726 324 756 351 ὅ(
779 323 899 352 minima
918 320 1067 352 altitudire
1082 319 1176 352 Stella·
1197 319 1300 364 polaris
1323 319 1421 351 ititltm
1436 319 1582 351 observata

361 362 483 394 altitudo
509 363 570 395 Poli
589 374 726 406 apparens
752 364 896 406 colligitur
919 376 961 407 gr.
985 375 1017 404 5,
1032 377 1051 403 7
1065 390 1072 399 ,
1092 375 1111 394 o
1125 387 1134 399 ,
1151 363 1288 395 excedens
1299 362 1480 394 altitudinem
1498 374 1582 405 appa-

360 416 471 436 rentem
496 418 529 436 ex
553 405 743 437 solstitialibus
767 407 919 437 deduelam
942 419 974 438 io
998 410 1070 437 min.
1092 410 1141 444 48.
1167 406 1278 439 secund.
1308 406 1386 448 quod
1408 405 1507 448 procul
1527 406 1582 436 du-

360 447 409 478 bio
426 448 595 479 differentiae
622 448 801 479 refractionis
825 472 834 484 ‚
853 461 915 491 qua:
943 453 1093 492 perexigua
1119 449 1157 479 cst
1181 460 1268 492 prope
1288 451 1422 479 verticem
1445 470 1455 484 ,
1470 459 1582 492 magna

357 500 447 532 prope
469 493 675 526 horizontem,
703 491 888 522 tribuendum
913 493 962 522 est.
1416 493 1422 498 ”

389 533 545 565 permultas
559 546 653 564 auttm
671 533 834 565 observavit
853 533 973 565 fixarum
991 533 1155 565 altitudines
1173 535 1342 565 meridianas
1358 555 1366 569 ‚
1387 544 1448 576 qux
1463 542 1584 578 compa-'¹

357 585 423 606 ratae
441 587 506 607 cum
529 576 592 607 Poli
611 577 762 608 altitudine
784 589 880 607 earum
900 576 1037 607 exhibent
1054 575 1287 608 declinationem.
1310 578 1392 618 Qin
1409 581 1494 608 etiam
1508 589 1582 609 tem-

356 628 410 659 pus
435 618 562 650 transitus
579 618 703 661 ipsarum
721 632 769 662 per
793 619 988 651 Meridianum
1011 618 1125 661 singulis
1152 619 1253 650 diebus
1271 621 1418 650 annotavit
1433 641 1443 655 ,
1462 630 1492 650 ut
1515 619 1581 651 loco

354 660 434 732 {olis
453 661 564 705 pnlsent
579 666 651 694 inter
671 661 700 694 se
728 665 886 706 comparati
900 687 910 702 ,
935 666 965 693 ὃ(
991 663 1091 693 exinde
1107 663 1230 706 ipsarum
1248 661 1421 693 ascensiones
1436 663 1519 694 κάκ
1534 663 1584 698 deff

378 715 432 736 uci.

387 745 463 777 Solis
476 746 599 790 eclipsim
613 750 757 790 Cayennae
768 746 930 779 observavit
943 748 984 778 D.
1001 747 1109 778 Richcr
1120 746 1166 777 die
1181 758 1225 778 22.
1247 747 1367 790 Augusti
1391 759 1467 780 anno
1493 754 1579 790 1672.

356 795 415 835 ejus
437 797 550 826 initium
573 795 627 827 fuit
647 797 675 829 h.
696 807 721 826 2.
741 807 782 835 32.
802 807 844 826 m.
870 798 898 838 5.
920 794 984 825 finis
1009 795 1037 824 h.
1060 808 1090 835 4.
1115 805 1161 832 37.
1182 805 1222 825 m.

403 841 510 872 Eadem
533 841 644 885 eclipsis
661 842 676 872 a
699 843 739 873 D.
763 841 871 873 Caffini
895 841 1005 872 Parisiis
1027 840 1079 871 fuit
1099 841 1256 872 observata.
1282 843 1399 872 Initium
1424 841 1476 873 fuit
1497 842 1525 875 h.
1552 846 1582 884 5.'

358 886 400 923 38.
424 887 495 914 min.
511 895 555 922 37-
584 887 635 916 sec.
662 887 743 915 Hora
767 896 836 915 vero
859 885 930 915 sexta
951 888 976 915 8.
1000 895 1038 914 m.
1063 895 1111 923 3⁴·
1132 882 1182 915 sec.
1213 884 1288 915 Solis
1314 894 1419 915 cornua
1439 884 1495 915 v'isa
1518 883 1581 916 sunt

358 926 567 961 horizontalta5
584 927 753 970 magnitudo
763 927 872 971 eclipsis
895 926 947 958 fuit
971 930 996 957 8.
1014 938 1053 956 m.
1073 927 1153 958 Fa-fta
1165 928 1342 968 projestione
1356 926 1483 969 paralleli
1501 928 1581 958 Pari-

356 967 450 1000 fienlis
474 972 503 1000 in
528 973 632 1002 Lunari
652 971 720 1002 oibe
741 976 817 1011 juxta
840 971 1008 1000 methodum
1034 970 1196 1000 Academiae
1220 969 1291 998 olim
1315 969 1351 1000 ab
1369 981 1403 1000 eo
1425 969 1580 1012 expositam

357 1013 467 1043 invenit
483 1024 576 1042 veram
599 1017 686 1044 Luna·
702 1014 881 1044 latitudinem
901 1015 1013 1044 minuto
1034 1023 1091 1043 uno
1111 1022 1178 1043 cum
1202 1010 1309 1042 semisse
1330 1014 1473 1044 minorem
1491 1012 1580 1057 quam

357 1053 459 1084 tabula:
480 1055 675 1099 Rudolpliina:
698 1067 759 1086 eam
779 1055 940 1086 exhibeant.

388 1097 485 1128 Postea
507 1102 610 1129 certior
624 1098 713 1131 faetus
734 1110 783 1140 per
798 1098 903 1129 litteras
919 1097 1038 1129 eandem
1059 1095 1185 1140 eclipsim
1208 1098 1352 1138 Cayenna:
1376 1096 1390 1127 ἃ
1414 1099 1453 1128 D.
1470 1098 1579 1130 Richet

357 1137 438 1169 fuisse
455 1140 632 1172 observatam
648 1164 658 1178 ‚
678 1142 792 1185 ejusque
807 1143 920 1171 initium
934 1167 942 1177 ‚
966 1144 995 1172 ὅ(
1014 1139 1100 1170 finem
1121 1140 1260 1183 praediolis
1279 1139 1425 1183 contigisse
1438 1144 1579 1184 tempori-

358 1181 408 1212 bus
423 1204 432 1217 ‚
453 1186 620 1226 projestioiii
638 1184 785 1215 delineatae
802 1184 912 1215 addidit
934 1183 1098 1226 parallelum
1114 1183 1349 1222 Cayennensem‚
1367 1187 1395 1213 in
1413 1195 1471 1226 quo
1493 1185 1577 1216 horas

359 1224 463 1264 quibus
488 1227 550 1257 duae
575 1227 672 1270 phases
686 1228 700 1257 a
721 1228 762 1256 D.
778 1228 886 1257 Richer
901 1225 962 1257 sunt
981 1225 1154 1260 observatae5
1174 1226 1292 1256 candem
1316 1225 1439 1257 insistens
1461 1227 1578 1258 metho-

358 1267 428 1299 dum
450 1271 559 1300 invenit
577 1273 605 1301 in
631 1273 732 1301 Lunari
754 1269 848 1300 orbita
872 1270 976 1311 priosta
994 1269 1052 1299 duo
1066 1272 1095 1299 in
1119 1267 1220 1310 quibus
1237 1271 1323 1299 Lunae
1339 1280 1467 1299 centrum
1484 1270 1577 1300 versa-

358 1309 464 1346 batur,
487 1323 552 1343 cum
564 1312 625 1343 duae
649 1313 745 1356 phascs
761 1311 824 1343 visae
853 1312 938 1347 sunt,
970 1311 1140 1355 sumptisque
1161 1312 1336 1354 temporibus
1359 1314 1478 1343 Lutetia:
1507 1323 1580 1355 prx-

359 1357 462 1384 nmatis
476 1376 485 1389 ‚
500 1359 529 1385 ὅ(
548 1367 612 1386 cum
623 1355 853 1397 Caycnnensibus
864 1357 1051 1397 comparatis,
1065 1352 1223 1385 differentia
1236 1357 1307 1385 inter
1328 1355 1410 1385 horas
1425 1354 1577 1397 utrobique

358 1397 388 1424 in
409 1399 442 1427 iis
467 1399 578 1439 punctis
590 1409 746 1429 numeratas
758 1401 873 1429 inventa
890 1398 927 1427 cst
944 1409 967 1435 3.
985 1398 1012 1426 h.
1036 1410 1082 1436 42.
1103 1408 1139 1429 m.
1154 1401 1245 1439 major
1258 1397 1365 1439 aliquot
1377 1400 1494 1429 minutis
1509 1399 1578 1436 Me-¹

359 1437 535 1471 ridianotum
557 1441 718 1472 differentia
740 1441 800 1471 aliis
825 1439 935 1483 quatlita
953 1441 1055 1473 modis.

401 1482 487 1512 Nova
503 1494 597 1515 autem
609 1484 657 1514 illa
672 1483 810 1515 methodo
826 1487 866 1514 uti
882 1482 951 1513 solet
965 1484 1004 1513 D.
1019 1482 1149 1514 Ciffinus
1164 1509 1172 1519 ‚
1189 1493 1252 1512 cum
1274 1482 1384 1515 Solares
1400 1482 1514 1527 eclipses
1526 1494 1577 1515 exa

357 1526 457 1566 ptimit
470 1536 518 1567 per
541 1529 748 1569 projeustionem
768 1530 893 1570 opticam
913 1526 1108 1568 parallelorum
1140 1530 1169 1556 ὅ(
1199 1526 1429 1557 Meridianorum
1452 1538 1530 1558 terrae
1547 1530 1575 1558 in

357 1577 437 1608 parte
455 1567 532 1599 orbis
556 1572 675 1601 Lunaris
698 1569 795 1600 Solem
821 1573 892 1600 inter
917 1572 946 1599 &
979 1572 1087 1600 Lunam
1106 1567 1276 1611 interposita.
1302 1571 1386 1599 Hanc
1405 1569 1575 1601 methodum

358 1619 434 1639 anno
455 1617 528 1649 1670
548 1612 713 1643 Academiae
733 1613 925 1656 proposuerat.
949 1612 1109 1655 Complura
1120 1612 1248 1642 exhibuit
1268 1612 1407 1642 schemata
1428 1612 1575 1654 eclipsium

360 1651 437 1682 Solis
455 1653 562 1695 quarab
575 1655 636 1698 ipso
660 1655 721 1686 sunt
743 1655 896 1685 observatae
910 1680 918 1693 ‚
937 1658 968 1686 δε
982 1666 1013 1685 ea
1032 1654 1171 1685 methodo
1191 1653 1338 1684 delineata:
1353 1655 1387 1684 ad
1409 1658 1498 1685 varios
1512 1656 1575 1686 usus

359 1694 576 1728 Astronomicos
590 1719 600 1733 ,
614 1708 646 1728 ac
656 1698 811 1741 praesertim
825 1697 860 1728 ad
877 1697 1043 1740 parallaxes,
1059 1701 1088 1728 &a
1105 1696 1335 1727 Meridianorum
1344 1696 1517 1729 differentias
1531 1702 1576 1729 in·

356 1738 518 1771 veniendas.

395 1780 516 1813 Constat
529 1781 600 1813 illud
620 1782 737 1825 quidem
758 1786 785 1813 in
804 1783 856 1813 hac
872 1782 950 1814 orbis
966 1786 1084 1815 Lunaris
1104 1793 1181 1826 parte
1194 1792 1255 1822 qua:
1271 1784 1342 1813 inter
1365 1782 1460 1813 Solem
1473 1786 1504 1813 &
1519 1784 1575 1814 Lu-

357 1833 423 1853 nam
447 1827 638 1866 interponitur
650 1851 658 1864 ,
671 1825 786 1856 diversis
804 1826 862 1856 diei
876 1827 953 1857 horis
970 1826 1091 1857 diversas
1114 1824 1269 1868 superficiei
1289 1837 1368 1856 terra:
1389 1836 1479 1870 partes
1499 1825 1575 1867 quasi

357 1865 514 1902 delineari,
539 1868 639 1910 easque
663 1867 702 1898 ob
717 1867 848 1898 diurnam
873 1869 1083 1899 revoluticntm
1102 1867 1217 1898 diversis
1242 1869 1318 1898 liori5
1337 1867 1485 1899 succtss'ivt}
1512 1869 1576 1901 Soli

357 1912 485 1947 exponi,
507 1921 590 1952 atque
614 1910 684 1940 adeo
706 1912 828 1941 eundem
847 1922 925 1942 ttrrae
950 1911 1065 1947 locum,
1084 1914 1162 1950 cujus
1185 1914 1279 1951 imago
1300 1912 1327 1941 in
1344 1911 1413 1942 orbe
1428 1914 1514 1942 Lunae
1530 1922 1576 1942 ex-

357 1955 509 1993 primitur,
528 1964 577 1996 pet
595 1953 727 1983 diurnam
753 1954 961 1984 revolutionem
988 1958 1015 1984 in
1034 1955 1083 1984 hac
1104 1955 1279 1995 projectiore
1305 1965 1413 1984 mutare
1428 1953 1526 1989 litum,
1543 1966 1574 1985 ac

357 1997 432 2025 varia
452 2006 531 2026 terrae
546 1996 608 2026 loca
631 1995 661 2025 id
678 1995 869 2027 diversimode
882 1996 991 2028 efficere
1015 2008 1066 2039 pto
1082 1995 1243 2026 distantia-a
1261 2007 1339 2028 tertre
1360 1997 1437 2027 Polis
1453 2002 1572 2032 ratione,

356 2040 406 2078 qui
429 2038 480 2068 soli
528 2050 558 2069 er
577 2038 708 2068 diurnam
727 2039 937 2070 revolutionem
958 2039 1038 2070 situm
1056 2050 1112 2069 non
1134 2050 1241 2069 mutant
1262 2041 1289 2068 in
1310 2040 1360 2069 hac
1379 2039 1486 2070 telluris
1508 2051 1572 2082 pro-

357 2082 487 2118 jcclione.
508 2051 622 2112 {Radius
644 2092 729 2124 porto
751 2081 862 2112 visualis
884 2082 898 2111 a
922 2085 1024 2125 quovis
1048 2093 1127 2112 terra·
1146 2080 1298 2123 superficiei
1320 2086 1425 2124 puncto
1444 2082 1478 2112 ad
1504 2093 1572 2112 cen-

359 2133 432 2153 trum
449 2123 524 2155 solis
545 2123 711 2168 perductus,
734 2127 763 2155 δε
786 2136 835 2169 per
852 2124 986 2157 diurnam
1000 2123 1210 2156 revolutionem
1232 2123 1379 2156 transsatus
1398 2124 1529 2156 describit
1542 2127 1572 2156 in
