1638 2345
315 139 370 174 338
605 135 771 169 REGIAE
821 133 1224 166 SCIENTIARUM

202 176 290 205 ΑΝΝ.
312 177 463 210 css'entialis
490 179 590 221 plantae
611 182 728 222 alicujus
748 190 813 210 cum
830 177 896 209 oleo
917 181 1036 212 tartari,
1059 176 1104 207 vel
1123 176 1206 207 caleis
1229 174 1368 207 solutione
1386 177 1534 221 permistus

201 222 289 255 ¹694·
310 222 431 253 odorem
453 223 530 255 afflat
553 223 699 255 urinosum
722 244 730 256 ,
762 234 808 253 aut
830 221 880 252 ubi
902 219 939 251 sal
963 219 1087 251 volatilis
1105 223 1135 250 &
1161 229 1309 250 concretus
1328 230 1378 262 per
1399 220 1537 262 analyfim

311 265 439 297 educitur
459 267 474 297 ὰ
494 267 597 308 stirpe,
620 268 650 296 in
666 277 697 295 ea
715 264 800 296 salem
817 266 1012 295 Ammoniaco
1033 262 1186 305 analogum
1207 266 1303 306 vigere
1327 261 1466 294 indicium
1487 264 1536 295 est.

311 308 391 339 Nam
416 309 451 338 sal
470 309 519 340 illc
546 308 671 339 volatilis
695 319 754 338 non
772 307 850 339 aliud
875 306 1012 350 quiddam
1031 306 1142 338 videtur
1160 304 1214 336 esse
1228 315 1327 349 praetet
1347 314 1456 348 partem
1475 305 1539 338 salis

309 352 496 383 Ammoniaci
520 351 666 382 urinosam
680 373 689 386 ,
711 362 796 394 quam
814 351 852 381 sal
876 350 971 381 acidus
990 350 1110 381 dimittit
1128 347 1248 379 liberam
1262 374 1270 384 ,
1293 358 1324 378 ut
1337 346 1395 391 ipse
1411 348 1458 379 sali
1478 347 1538 380 fixo

309 399 423 429 tartari,
447 406 492 425 aut
509 394 592 425 calcis
614 396 748 426 societur.
771 394 883 426 Oleum
899 392 1037 424 fcetidum
1058 393 1100 424 uti
1116 395 1146 423 δῖ
1162 392 1274 435 spiritus
1292 389 1423 422 urinosus
1435 402 1469 421 eo
1485 391 1539 422 sale

307 436 445 468 abundat.
468 437 555 469 Unde
570 436 710 479 ejusmodi
727 436 830 480 plantae
848 440 922 468 inter
936 439 1091 479 aperientes
1106 456 1116 471 ‚
1136 435 1313 478 detergentes
1329 456 1338 469 ‚
1360 433 1540 477 febrifugas,

310 481 340 508 ὃ(
356 479 527 512 vulneratias
542 480 681 511 habentur
691 503 701 515 ‚
717 491 779 522 quae
796 480 875 511 dores
890 483 921 510 in
935 479 1020 510 salem
1035 479 1261 509 Ammoniacum
1281 476 1395 507 cadunt.

353 522 506 553 Consimili
532 526 642 554 ratione
668 535 730 566 quae
751 524 812 554 sunt
833 524 948 565 stipticae
972 525 1002 552 &
1024 521 1232 562 adstringentes
1247 542 1257 556 ,
1280 529 1398 563 quaeque
1413 520 1539 552 multum

309 564 384 596 acidi
404 576 470 596 cum
492 577 563 597 terra
578 568 726 608 conjuncsti
750 578 799 610 per
813 565 948 607 analyfim
965 564 1114 609 pra-bent,
1138 565 1181 595 hae
1196 563 1292 606 stirpes
1314 561 1398 593 salem
1419 563 1541 595 alumini

308 607 464 651 analogum
490 613 649 640 continent.
675 612 748 650 Qae
772 621 866 641 autem
894 620 993 652 prater
1019 607 1135 638 acidum
1160 610 1191 638 &
1221 617 1325 637 terram
1347 605 1432 636 salem
1457 605 1540 638 alcali

309 651 465 693 plurimum
479 652 676 696 suppeditant,
693 654 735 684 hcc
751 652 803 683 sale
817 664 877 684 non
890 651 1010 683 absimili
1022 662 1127 682 tartaro
1143 648 1291 681 vitriolato
1308 652 1542 692 impraegnantur,

308 705 431 736 eumque
445 698 521 726 varia
534 707 614 727 terrm
629 698 658 726 ὅ(
674 695 846 738 phlegmatis
867 695 1000 726 admistio
1013 695 1091 726 varie
1108 691 1268 724 modificat.

358 741 384 767 V
397 741 420 769 1.
456 739 533 769 Cum
551 739 655 769 eaedem
675 738 778 781 plantae
797 737 925 770 diversos
945 748 1093 780 procreent
1108 735 1224 767 effectus
1237 739 1267 766 in
1287 736 1414 766 humano
1436 744 1543 780 corpo·¹

309 792 339 811 re
356 806 363 815 ,
381 792 410 812 ut
423 785 499 812 varie
517 782 553 813 est
571 781 738 824 dispositum
751 807 760 818 ‚
782 783 849 813 hinc
879 783 919 815 D.
932 780 1110 811 Tourneforr
1135 781 1220 810 sumit
1242 777 1421 810 occasionem
1441 790 1539 822 pauca,

311 823 358 853 sed
380 824 461 854 utilia
480 825 516 855 de
539 828 567 855 vi
588 824 810 857 medicaminum
831 823 983 856 differendi
1002 846 1010 859 ‚
1023 835 1086 866 qux
1104 825 1133 853 in
1149 822 1283 866 ptaedirsta
1298 820 1465 865 praefatione
1476 834 1542 853 om-

310 869 381 896 nino
405 867 523 909 legenda
539 868 600 898 sunt
626 881 633 898 ε
658 878 727 898 nam
747 871 787 898 rei
802 867 959 898 admodum
981 865 1108 897 abstrusae
1125 891 1134 904 ,
1150 869 1178 896 ὅ(
1199 864 1218 895 fi
1238 875 1300 907 qua:
1321 864 1353 895 sit
1370 864 1424 896 alia
1444 868 1542 907 generi

309 909 436 940 humano
454 910 589 953 perutili,
616 922 674 941 non
695 910 869 941 mediocrem
888 910 981 942 lucem
998 908 1098 940 afferre
1117 909 1242 951 poss‘unt.
1277 909 1406 938 Primum
1422 908 1540 949 quidam

310 951 383 981 hanc
404 952 419 981 a
438 952 580 984 veteribus
600 964 744 997 accept-am
761 953 855 984 laudat
873 953 1096 984 medicaminum
1112 949 1282 983 divisionem
1295 970 1303 985 ,
1325 952 1355 979 in
1380 961 1409 981 ea
1426 950 1541 987 scilicet,

309 1004 372 1035 qua:
394 994 518 1027 sensibili
537 996 663 1037 quodam
685 996 775 1027 modo
800 1006 958 1031 evacuant,
982 998 1012 1026 &
1042 997 1071 1025 in
1089 1006 1121 1024 ea
1143 1005 1205 1036 qua:
1227 994 1382 1023 humorum
1402 1004 1542 1025 texturam

309 1037 449 1068 mutando
470 1050 517 1069 eos
539 1042 568 1068 in
585 1038 740 1070 naturalem
753 1039 855 1070 statum
870 1039 1008 1070 reducunt
1022 1059 1031 1072 ,
1055 1048 1172 1081 quaeque
1193 1035 1342 1067 alteranria
1362 1035 1419 1066 dici
1441 1035 1541 1067 solent.

311 1080 400 1110 Primi
419 1084 530 1122 generis
544 1082 734 1114 medicamina
750 1081 795 1112 vel
817 1082 954 1124 superne,
976 1080 1021 1111 seu
1034 1084 1146 1110 vomitu
1160 1103 1169 1115 ‚
1190 1079 1237 1110 seu
1250 1078 1351 1122 sputo,
1370 1090 1416 1109 aut
1437 1078 1542 1116 saliva,

310 1133 356 1153 aut
377 1124 578 1155 sternutatione
597 1128 697 1156 noxios
721 1126 855 1156 humores
875 1124 1024 1155 climinant
1041 1137 1050 1158 ς
1068 1122 1115 1154 vel
1133 1121 1244 1154 inferne
1259 1121 1397 1163 dejiciunt
1411 1146 1418 1157 ‚
1440 1121 1487 1152 seu
1511 1135 1543 1154 ea

309 1165 362 1196 fixit
375 1171 523 1210 purgantia
538 1191 546 1203 ‚
570 1168 616 1198 seu
632 1168 768 1199 diuretica
782 1191 790 1203 ,
809 1167 911 1210 quibus
927 1167 995 1198 addi
1012 1165 1124 1209 poffunt
1137 1163 1290 1198 sudotifica
1304 1187 1314 1200 ‚
1334 1175 1396 1207 qua:
1409 1176 1459 1208 per
1470 1169 1544 1197 cutis

309 1210 437 1239 occultos
459 1222 565 1241 meatus
589 1210 711 1242 fetosum
727 1212 877 1242 humorem
894 1209 1047 1254 expellunt.

391 1264 430 1283 ux
447 1257 589 1283 vomitum
603 1257 677 1284 cient
690 1276 699 1289 ,
725 1258 754 1285 δε
773 1255 907 1285 dicuntur
922 1255 1042 1283 emetica
1058 1274 1067 1288 ,
1087 1262 1137 1295 pet
1153 1252 1296 1284 violentos
1309 1251 1545 1294 diaphragmatis,

314 1297 345 1324 δε
367 1293 560 1325 musculorum
576 1295 740 1326 abdominis
760 1306 854 1326 motus
869 1299 963 1338 potius
982 1295 1069 1336 quam
1088 1306 1137 1336 per
1154 1294 1289 1326 fibrarum
1305 1295 1454 1325 ventriculi
1474 1306 1546 1325 con-

313 1338 483 1368 tractionem
501 1341 560 1368 vim
580 1339 656 1368 suam
679 1350 791 1368 exerere
808 1338 960 1368 arbitratur
983 1337 1151 1380 percelebris
1170 1340 1284 1368 Montis
1306 1335 1445 1367 Pcss'ufani
1469 1338 1545 1368 Pro-

314 1379 400 1410 fcssbr
419 1382 456 1409 D.
471 1382 577 1411 Chirac
588 1402 597 1415 ‚
619 1383 665 1410 cui
685 1379 830 1412 affentitur
849 1381 888 1410 D.
904 1379 1093 1411 Toutncfort.
1117 1380 1198 1411 Nam
1213 1379 1293 1412 fibra
1304 1380 1453 1410 ventriculi
1467 1380 1545 1421 quali

314 1422 434 1453 totidem
456 1423 568 1453 elateria
611 1426 757 1454 materiem
771 1423 930 1454 ventriculo
951 1433 1117 1453 contentam
1137 1423 1270 1454 deorsum
1291 1422 1407 1453 trudunt
1432 1435 1480 1466 pet
1500 1426 1546 1453 in-

312 1465 433 1500 testina,
455 1477 573 1509 quaeque
594 1465 707 1497 illarum
729 1468 891 1501 adtionem,
917 1469 947 1496 δε
972 1465 1064 1496 nisum
1084 1465 1262 1501 intendunt,
1282 1476 1314 1496 ut
1328 1467 1465 1500 emerica,
1483 1469 1545 1497 vim

311 1508 390 1538 illam
408 1512 497 1552 magis
518 1521 621 1552 augere
641 1509 800 1545 deberent,
831 1521 889 1539 non
911 1511 1054 1540 vomitum
1070 1511 1190 1539 excitare
1211 1522 1218 1540 2
1240 1520 1307 1539 nam
1325 1506 1404 1540 fibtae
1430 1511 1543 1540 ittitatae

310 1550 444 1582 deorsum
462 1552 571 1595 pellunt
590 1563 652 1596 quae
677 1555 752 1584 intus
767 1557 894 1583 continet
914 1551 1099 1582 ventriculus.

354 1598 489 1625 Vomitus
505 1599 609 1639 quippe
630 1607 688 1626 uno
704 1607 812 1627 tantum
827 1596 841 1625 ὲ
859 1595 949 1626 tribus
970 1594 1058 1627 modo
1082 1598 1231 1637 provocari
1243 1596 1341 1637 potest·
1366 1607 1389 1627 ι.
1415 1596 1492 1627 Cum
1508 1594 1544 1626 fi-

311 1636 425 1668 brarum
446 1649 542 1669 motus
557 1664 566 1677 ,
590 1641 639 1680 qui
658 1650 755 1669 natura
776 1639 821 1670 sua
843 1637 976 1670 deorsum
1001 1637 1093 1669 tendit
1108 1660 1117 1674 ‚
1138 1649 1194 1681 prae
1217 1637 1447 1669 inflammatione
1464 1661 1474 1674 ,
1496 1650 1544 1671 aut

311 1680 483 1722 strangulatu
511 1685 672 1713 invertitur.
699 1693 730 1713 ι.
754 1683 831 1713 Cum
854 1692 968 1725 propter
989 1680 1104 1712 obicem
1127 1693 1160 1711 ex
1189 1681 1253 1712 duri
1271 1684 1399 1725 corporis
1413 1681 1544 1725 oppositu

311 1726 402 1754 exitus
414 1723 544 1756 humoris
561 1725 733 1756 occluditur.
756 1737 780 1764 3.
799 1726 879 1756 Cum
891 1725 1114 1768 diaphragmatis
1125 1747 1134 1760 ‚
1158 1727 1188 1755 ἃ
1201 1723 1393 1755 musculorum
1411 1725 1544 1757 abdomi-

311 1768 355 1795 nis
369 1778 463 1797 motus
477 1769 674 1799 veliementior
689 1767 877 1799 ventriculum
891 1772 1011 1809 exagitat
1028 1790 1036 1802 ‚
1058 1779 1103 1797 aur
1118 1771 1223 1810 premit
1245 1769 1358 1797 arctius.

360 1810 394 1841 In
410 1813 520 1840 vomitu
539 1823 631 1840 autem
646 1813 696 1852 qui
718 1810 749 1842 fit
765 1823 797 1841 ex
818 1811 914 1841 hausto
929 1811 1121 1841 medicamine
1134 1833 1143 1844 ,
1164 1809 1241 1840 nulla
1263 1813 1356 1842 oritur
1377 1810 1544 1842 inflamma&

312 1853 355 1881 tio
370 1873 379 1886 ‚
402 1852 495 1882 nullus
510 1853 694 1895 strangulatus
707 1879 715 1892 ,
736 1855 814 1884 nulla
830 1854 948 1884 demum
965 1853 1119 1884 obstructio
1137 1864 1169 1883 ex
1193 1857 1309 1884 materia
1322 1855 1442 1896 quadam
1458 1855 1545 1886 indu-⁴

314 1905 374 1925 rata
393 1897 423 1925 δε
447 1899 605 1938 compacta.
636 1897 833 1936 Qamobrtm
861 1897 889 1927 id
910 1897 1051 1938 reliquum
1070 1896 1109 1926 cst
1130 1907 1159 1926 ut
1182 1896 1300 1926 violenti
1321 1898 1543 1940 diaphragmatis

317 1940 348 1967 ὃ(
369 1937 561 1968 musculorum
579 1949 673 1969 motus
689 1943 829 1969 vomitum
851 1951 896 1970 aut
917 1941 1046 1970 nauseam
1068 1942 1190 1970 excitent
1203 1961 1212 1974 ,
1233 1939 1300 1970 dum
1316 1940 1400 1971 instar
1418 1941 1542 1971 torcula-

316 1981 355 2010 ris
373 1981 564 2012 ventriculum
585 1984 613 2011 &
640 1981 767 2011 intestina
788 1982 822 2013 sic
841 1994 972 2024 pren-nunt
995 1986 1024 2013 &
1053 1981 1233 2017 succutiunt,
1257 1994 1286 2012 ur
1314 1984 1447 2014 humores
1470 1994 1540 2014 ven-

316 2022 422 2053 triculo
438 2027 563 2055 contenti
580 2036 628 2067 per
649 2024 834 2067 oesophagum
858 2036 981 2056 remeate
997 2036 1142 2067 cogantur.
1171 2027 1235 2056 llos
1249 2025 1366 2068 quidem
1380 2026 1539 2057 abdominis

320 2070 351 2096 ἃ
382 2066 601 2110 diaphragmatis
624 2078 716 2098 morus
736 2071 764 2097 in
788 2071 897 2098 vomitu
919 2071 1081 2111 experimur
1097 2090 1106 2103 ‚
1129 2079 1160 2098 ac
1186 2068 1350 2112 plerumque
1374 2069 1409 2100 de
1429 2070 1539 2110 ingenti

316 2112 440 2158 pectoris
454 2110 556 2142 dolore
568 2133 577 2147 ‚
600 2113 630 2142 δέ
645 2109 720 2157 quasi
733 2113 793 2155 ‘ejus
808 2111 983 2155 disruptione
999 2113 1211 2155 conquerimur.
