1638 2345
335 82 629 119 ACADEMIAE
662 82 944 115 HISTORIA.
980 84 1114 117 an.1.
1294 97 1309 122 9

136 144 165 165 2.
191 133 274 175 Aqua
292 131 354 174 post
369 130 568 162 ebullitionem
588 127 750 170 refrigerata
762 138 820 158 non
834 126 916 158 citius
934 129 963 156 in
977 126 1098 168 glaciem
1119 127 1257 160 conversa
1269 97 1326 169 cst}
1342 124 1440 168 Physt-

103 176 190 218 quam
211 186 275 205 ante
302 173 513 205 ebullitionem.
537 173 583 204 Est
602 175 680 201 enim
698 171 878 213 homogcnea
896 173 926 202 δε
946 171 1134 203 uniusmodi:
1161 171 1208 203 sed
1230 183 1322 202 tamen
1338 179 1370 198 ca
1388 179 1439 198 ex-

102 220 202 250 durior
224 221 262 250 est
281 217 384 259 glacies
410 220 441 248 δε
464 219 551 259 magis
573 213 714 259 pellucida
733 225 814 256 aquae
839 212 970 252 elixatae3
992 213 1073 256 quod
1094 213 1170 245 forte
1192 215 1276 246 limus
1295 212 1431 254 imperim.

101 273 173 305 aqua
191 260 327 304 dispersus
342 271 464 303 praeceps
480 258 609 293 decidat,
631 256 699 288 cum
719 268 790 299 aqua
809 255 931 288 ebullit:
954 256 1062 288 tametsi
1083 260 1171 289 a'e'reis
1195 257 1324 301 partibus

101 307 131 336 in
158 316 229 346 aqua
252 304 500 338 delitescentibus,
521 313 640 344 quaeque
658 303 687 331 vi
711 301 813 330 caloris
835 298 974 335 evolant,
1005 299 1034 330 id
1052 299 1140 331 tribui
1167 302 1322 332 commode

103 349 203 391 potest.
228 347 314 379 Unde
333 350 363 377 δε
382 346 492 390 specula
505 347 607 376 ustoria
625 356 658 374 ex
673 355 745 386 aqua
758 345 897 373 acerrimo
919 341 1020 384 frigori
1034 343 1157 386 expolita
1182 343 1241 375 fieri
1261 345 1325 387 pos-

101 392 164 422 sunt
180 414 188 427 ,
209 391 358 433 postquam
372 402 442 433 aqua
466 393 494 419 vi
510 388 612 418 caloris
624 387 659 418 ab
678 390 743 417 a'e're
759 389 833 416 intus
846 385 983 416 concluso
999 385 1053 417 fuir
1064 387 1327 429 expurgata.Qod

101 436 198 476 utique
217 434 232 464 εὶ
247 435 380 464 Domino
400 435 537 463 Mariotte
560 431 665 462 saekum
689 433 833 461 novimus.
856 428 967 459 Versum
988 431 1028 461 D.
1045 431 1173 460 Perrault·
1193 430 1328 462 duritiem

100 475 180 508 illam
203 481 232 508 &
257 477 484 520 perspicuitatem
499 474 569 505 limo
592 479 620 505 in
639 485 710 517 aqua
723 472 866 514 dispersO,
887 475 992 514 quique
1012 472 1047 503 ad
1063 473 1184 504 fundum
1203 473 1328 509 decidit,

99 531 249 564 acceptum
266 519 360 550 refert.
379 519 465 550 Unde
480 521 508 548 in
532 517 671 548 solutione
692 515 847 550 aluminis,
862 526 908 545 aut
934 515 996 546 {alis
1016 519 1197 552 communis,
1223 520 1283 547 imo
1301 520 1331 547 in

101 567 171 593 vino
195 568 224 594 δέ
252 574 322 605 aqua
348 573 413 592 cum
434 561 531 604 spiritu
550 563 610 590 vini
634 560 762 602 permista
780 584 789 594 ‚
815 558 904 588 soluta
924 558 1014 601 glacie
1038 559 1210 590 turbidiores
1229 560 1332 590 viden-

101 616 146 636 tut
161 605 298 648 liquore&
311 605 397 648 quam
410 615 472 635 ante
485 603 725 645 congelationem3
737 601 816 643 quod
826 612 917 643 partes
926 600 1070 632 craffiores
1082 605 1111 632 δε
1124 613 1240 633 terrenae
1260 602 1332 634 faci.

99 647 128 679 le
143 648 158 677 a
176 648 201 679 se
216 652 338 679 invicem
354 647 527 678 divellantur
546 658 602 688 pra:
613 644 706 675 calore
730 655 738 678 ',
759 644 815 674 illa:
828 644 898 673 adeo
917 655 1030 675 manent
1050 644 1167 686 pensiles
1184 650 1214 676 δέ
1235 646 1331 688 liquo-

99 703 160 722 rem
182 692 329 723 turbidum
348 689 486 721 efficiunt.
510 691 587 719 Sales
607 688 677 718 vero
697 690 725 717 in
757 687 828 718 limo
847 685 1045 717 delitescentes
1065 699 1122 718 non
1139 689 1238 719 eadem
1260 691 1331 720 faci-

99 733 177 765 litate
193 734 400 768 exsolvuntur3
424 733 468 763 led
489 732 551 762 limi
570 730 687 774 granula
707 729 809 761 caloris
830 733 859 760 vi
880 732 982 771 agitata
1001 729 1116 760 tandem
1136 730 1186 761 fibi
1205 734 1331 763 invicem

99 789 149 821 per
177 777 322 809 facieculas
344 776 440 820 planas
464 774 676 809 adhaerescunt,
703 777 734 804 δέ
766 775 884 804 vincunt
912 776 1082 815 gravitatem
1107 785 1186 816 aquae
1216 774 1333 818 specifi-

101 832 176 854 cam.

135 865 190 895 IV.
217 863 325 894 Eodem
349 873 426 893 anno
447 866 535 900 1670.
562 861 602 891 D.
628 859 754 890 Perrault
780 870 846 889 cuin
879 870 1000 902 quatuor
1023 871 1102 902 aquze
1127 859 1213 891 libras
1235 861 1331 903 gelido

99 909 158 937 aEri
179 905 347 950 exposuisset
361 928 370 941 ‚
390 908 463 936 intra
486 909 514 934 18
542 903 603 933 dies
628 914 699 944 pene
712 905 794 933 unius
812 902 891 933 libra:
912 903 1037 946 pondere
1054 904 1092 934 cst
1112 906 1274 935 imminuta.
1289 907 1331 936 Ex

99 962 156 993 quo
175 950 299 993 sequitur
317 960 418 991 aquam
433 960 488 991 ptae
503 949 592 978 nimio
612 946 719 989 frigore
739 945 796 976 fere
816 945 927 976 tantum
942 945 1094 982 exhalare,
1107 946 1245 988 quantum
1261 948 1330 981 aesti-

100 996 144 1024 vis
165 993 323 1025 ardoribus.

131 1040 170 1068 V.
197 1035 273 1066 Illud
289 1046 403 1079 quoque
418 1033 433 1064 &a
452 1036 492 1065 D.
510 1033 610 1065 Picard
629 1044 690 1063 tum
709 1031 760 1064 fuit
775 1031 969 1067 observatum,
985 1030 1092 1074 lapides
1109 1035 1139 1062 ὃ(
1151 1033 1265 1064 metalla
1277 1057 1285 1070 ,
1299 1045 1330 1066 ut

100 1091 218 1114 aurum,
236 1077 496 1122 cuprum‚ferru1n
523 1089 578 1121 prae
599 1075 706 1118 frigore
718 1075 849 1106 contrahi
862 1097 871 1110 ,
891 1086 921 1106 ut
941 1074 1042 1105 caloris
1067 1077 1097 1105 vi
1119 1076 1330 1114 distenduntur,

98 1122 180 1164 quod
200 1125 257 1162 jam
280 1133 359 1152 antea
380 1120 470 1152 fuerat
488 1118 718 1151 animadversum
743 1132 749 1149 :
766 1118 838 1149 adeo
853 1130 883 1149 ut
905 1129 975 1162 pene
999 1122 1098 1148 omnia
1114 1129 1233 1162 corpora
1248 1124 1331 1151 unius

99 1165 180 1208 pedis
195 1163 373 1207 longitudine
390 1186 398 1198 ‚
417 1174 515 1205 quarta
533 1173 610 1207 parte
627 1162 708 1193 lineae
731 1165 895 1192 minuantur
914 1183 923 1196 ‚
943 1159 981 1191 fic
1001 1171 1096 1192 tamen
1109 1173 1138 1192 ut
1151 1162 1332 1206 homogenea

98 1219 161 1251 qua:
184 1208 246 1239 sunt
262 1231 270 1243 ,
295 1206 472 1250 aequabiliter
489 1210 518 1237 in
542 1217 643 1237 omnes
662 1217 754 1247 partes
776 1208 950 1235 minuantur.

139 1254 200 1283 V1.
218 1252 296 1282 Cum
323 1253 394 1282 varii
412 1252 523 1293 generis
546 1248 608 1280 olea
626 1248 724 1291 gelido
749 1250 807 1278 aeti
829 1258 878 1290 per
906 1259 946 1286 24
967 1247 1050 1277 horas
1077 1245 1164 1277 essent
1183 1248 1330 1291 exposita,

94 1294 227 1338 quaedam
249 1306 300 1326 nec
314 1293 464 1335 congelata
476 1315 484 1328 ‚
505 1304 557 1323 nec
572 1294 697 1336 pondere
720 1291 781 1322 sunt
802 1293 971 1326 imminuta,
985 1301 1016 1320 ut
1034 1289 1130 1321 oleum
1153 1290 1168 1320 ὲ
1181 1291 1260 1328 lino,
1283 1304 1331 1325 aut

97 1349 132 1369 ex
154 1337 313 1381 amygdalis
333 1336 465 1368 dulcibus
498 1335 677 1379 expressum,
695 1334 756 1364 olea
778 1334 898 1378 petreoli
915 1357 924 1370 ,
947 1344 1052 1365 nucum
1070 1355 1080 1369 ‚
1104 1333 1330 1375 therebynthinae

97 1393 200 1424 parum
222 1380 408 1412 exhalarunt:
435 1379 481 1410 sed
507 1383 536 1410 δι
560 1378 735 1421 conglaciata
761 1389 819 1407 non
840 1377 902 1408 sunt
921 1400 930 1413 ‚
954 1380 995 1408 uti
1022 1375 1084 1407 olea
1107 1387 1140 1406 ex
1170 1378 1330 1420 amygdalis

99 1427 199 1455 amaris
211 1447 220 1459 ,
236 1424 322 1455 olivis
334 1446 344 1459 ,
370 1422 448 1455 aniso
462 1445 471 1458 ‚
499 1426 528 1454 &
551 1421 604 1452 alia
624 1422 693 1453 bene
710 1419 797 1451 multa
812 1443 820 1456 ,
843 1431 906 1463 quat
929 1424 959 1452 in
974 1431 1093 1464 vapores
1107 1418 1200 1462 aliqua
1218 1432 1251 1451 ex
1265 1433 1330 1465 par-

100 1477 126 1498 te
151 1467 317 1498 exhalarunt
341 1471 370 1498 &
389 1468 586 1497 induruerunt.

150 1513 220 1542 V11.
247 1512 315 1540 Hoc
331 1521 529 1552 argumentum
548 1507 643 1538 multo
665 1506 779 1538 uberius
793 1508 887 1551 postea
903 1508 1084 1544 pertraeravit
1099 1507 1140 1538 D.
1157 1506 1193 1537 de
1214 1506 1240 1537 la
1254 1508 1329 1539 Hire

99 1556 128 1583 in
148 1553 339 1584 dissertatione
359 1552 516 1596 pererudjta
530 1575 538 1587 ‚
553 1551 640 1593 quam
661 1563 735 1582 anno
762 1559 839 1587 1694
861 1549 968 1594 publici
983 1552 1052 1588 juris
1068 1549 1145 1580 fecit.
1169 1552 1201 1580 In
1217 1563 1248 1581 ea
1260 1555 1329 1593 qui..

98 1596 165 1627 dem
184 1598 221 1628 est
245 1599 383 1641 opinione
413 1595 551 1639 quosdam
573 1594 640 1624 sales
663 1605 775 1624 motum
800 1592 1001 1637 particularum
1025 1603 1103 1635 aquae
1129 1591 1219 1624 sistere
1238 1617 1247 1629 ,
1278 1598 1327 1638 qui

96 1639 214 1682 quidem
227 1642 256 1671 in
282 1639 335 1671 sale
347 1642 494 1670 communi
508 1641 587 1680 pauci
600 1637 766 1668 delitescunt
781 1659 789 1672 ‚
815 1636 907 1680 plures
932 1639 960 1666 in
988 1638 1063 1665 nitro
1076 1658 1084 1670 ,
1113 1635 1158 1666 sed
1181 1636 1328 1668 uberiores

98 1684 161 1713 sunt
181 1686 209 1713 in
236 1682 290 1713 sale
307 1686 482 1714 annoniaco.
508 1684 603 1723 Hujus
625 1681 688 1712 salis
703 1707 711 1716 ‚
736 1683 910 1722 quicumque
923 1682 945 1709 is
964 1677 1013 1713 fit,
1031 1689 1121 1721 partes
1147 1680 1246 1720 rigidae
1264 1681 1327 1711 sunt

100 1725 213 1756 subtiles
227 1752 235 1765 ,
255 1737 341 1757 aeutae
356 1749 364 1761 ,
385 1730 421 1757 ita
444 1737 474 1756 ut
492 1737 551 1754 non
575 1728 680 1754 vitrum
699 1723 806 1758 inodo,
832 1723 877 1753 sed
896 1726 925 1753 &
950 1722 1065 1752 duriora
1081 1733 1199 1765 quaeque
1219 1735 1327 1767 corpo-

99 1779 129 1797 ra
148 1780 314 1812 penetrent,
341 1774 371 1801 8(
395 1782 460 1800 cum
496 1779 574 1809 aqua:
598 1766 740 1809 particulis
762 1766 896 1808 oblongis
933 1763 1107 1795 flexibilibus
1125 1764 1203 1796 ultro
1224 1767 1327 1797 conso-

100 1813 231 1843 cientur:
254 1824 331 1854 aqua·
357 1811 521 1857 corpuscula
541 1822 606 1841 curn
626 1812 669 1841 his
692 1809 793 1840 salibus
813 1808 957 1853 implicata
975 1819 1057 1838 motu
1078 1811 1160 1839 omni
1181 1812 1211 1840 ὃ(
1230 1809 1326 1841 fliiidi-

101 1864 155 1884 tate
175 1858 343 1898 privantur..

135 1899 213 1928 Cum
234 1899 262 1929 hi
288 1898 354 1930 sales
370 1909 472 1939 aquam
494 1897 635 1933 subeunt,
656 1895 704 1926 ill-1
725 1895 832 1927 ducunt
856 1896 993 1933 stamina,
1014 1894 1050 1925 de
1066 1894 1168 1936 quibus
1188 1894 1267 1938 supra
1279 1894 1324 1925 di-

101 1944 193 1971 ximus
209 1964 216 1975 ,
241 1946 378 1983 majorem
399 1953 477 1984 aqum
493 1942 601 1972 molem
623 1939 749 1971 efficiunt
763 1962 771 1975 ,
794 1939 873 1982 quod
889 1950 981 1982 partes
1000 1938 1156 1980 congelata:
1175 1938 1324 1979 rigidiores

98 1983 179 2014 faeta·
198 1983 248 2015 sibi
272 1985 372 2015 mutuo
386 1987 423 2014 ita
440 1989 527 2028 aptari
543 1997 600 2015 non
618 1982 722 2028 poilint
733 2005 742 2017 ,
759 1986 828 2024 quin
842 1982 930 2026 spatia
948 1986 1012 2012 a'ere
1028 1981 1110 2025 plena
1126 1983 1321 2024 intercipiant:

100 2039 130 2058 ut
146 2027 240 2070 plures
261 2027 393 2062 aciculae,
412 2039 474 2069 qua*
491 2031 518 2057 in
537 2027 656 2070 longum
677 2026 727 2057 sibi
751 2025 850 2058 mutuo
875 2025 1063 2060 incumbunt,
1087 2022 1182 2054 minus
1205 2022 1261 2053 loci
1272 2034 1323 2054 oc-

96 2081 224 2115 cupam,
239 2071 325 2114 qussnn
347 2070 365 2103 si
390 2071 570 2108 confuse‚&
594 2069 780 2102 tumultuario
802 2069 898 2113 positae
920 2068 945 2100 se
969 2069 994 2098 se
1018 2066 1119 2139 munit}
1143 2066 1325 2098 intersecent.

1145 2120 1176 2149 ll]
