<?xml version="1.0" encoding="UTF-8"?>
<!DOCTYPE html PUBLIC "-//W3C//DTD XHTML 1.0 Transitional//EN"
    "http://www.w3.org/TR/xhtml1/DTD/xhtml1-transitional.dtd">
<html xmlns="http://www.w3.org/1999/xhtml" xml:lang="en" lang="en">
 <head>
  <title>
</title>
<meta http-equiv="Content-Type" content="text/html;charset=utf-8" />
  <meta name='ocr-system' content='tesseract 3.04.00' />
  <meta name='ocr-capabilities' content='ocr_page ocr_carea ocr_par ocr_line ocrx_word'/>
</head>
<body>
  <div class='ocr_page' id='page_1' title='image "./regiscientiaru98duha_0418.png"; bbox 0 0 1638 2345; ppageno 0'>
   <div class='ocr_carea' id='block_1_1' title="bbox 171 103 1508 498">
    <p class='ocr_par' dir='ltr' id='par_1_1' title="bbox 171 103 1508 498">
     <span class='ocr_line' id='line_1_1' title="bbox 282 103 1214 148; baseline 0.003 -9"><span class='ocrx_word' id='word_1_1' title='bbox 282 112 340 148; x_wconf 79' lang='lat'>396</span> <span class='ocrx_word' id='word_1_2' title='bbox 612 106 781 138; x_wconf 77' lang='lat' dir='ltr'>REGtAE</span> <span class='ocrx_word' id='word_1_3' title='bbox 828 103 1214 141; x_wconf 78' lang='lat' dir='ltr'>SCIENTIARUM</span> 
     </span>
     <span class='ocr_line' id='line_1_2' title="bbox 171 147 1506 194; baseline -0.002 -6"><span class='ocrx_word' id='word_1_4' title='bbox 171 158 259 188; x_wconf 60' lang='lat' dir='ltr'>Am«.</span> <span class='ocrx_word' id='word_1_5' title='bbox 326 154 355 182; x_wconf 88' lang='grc' dir='ltr'><strong>Χ</strong></span> <span class='ocrx_word' id='word_1_6' title='bbox 372 154 399 184; x_wconf 89' lang='lat'>1.</span> <span class='ocrx_word' id='word_1_7' title='bbox 420 150 601 183; x_wconf 75' lang='lat' dir='ltr'>Alexandria:</span> <span class='ocrx_word' id='word_1_8' title='bbox 622 150 638 181; x_wconf 66' lang='lat' dir='ltr'>a</span> <span class='ocrx_word' id='word_1_9' title='bbox 663 161 699 188; x_wconf 83' lang='lat'>17</span> <span class='ocrx_word' id='word_1_10' title='bbox 722 147 832 191; x_wconf 85' lang='lat' dir='ltr'><strong>Aprilis</strong></span> <span class='ocrx_word' id='word_1_11' title='bbox 849 147 935 191; x_wconf 81' lang='lat' dir='ltr'>usque</span> <span class='ocrx_word' id='word_1_12' title='bbox 950 149 985 179; x_wconf 83' lang='lat' dir='ltr'>ad</span> <span class='ocrx_word' id='word_1_13' title='bbox 999 161 1011 188; x_wconf 84' lang='lat'><em>3</em></span> <span class='ocrx_word' id='word_1_14' title='bbox 1024 150 1105 192; x_wconf 80' lang='lat' dir='ltr'>Junii</span> <span class='ocrx_word' id='word_1_15' title='bbox 1122 163 1210 183; x_wconf 86' lang='lat' dir='ltr'>omne</span> <span class='ocrx_word' id='word_1_16' title='bbox 1231 163 1319 194; x_wconf 79' lang='lat' dir='ltr'>genus</span> <span class='ocrx_word' id='word_1_17' title='bbox 1332 152 1506 186; x_wconf 83' lang='lat' dir='ltr'>observatio-</span> 
     </span>
     <span class='ocr_line' id='line_1_3' title="bbox 172 191 1505 238; baseline 0.002 -13"><span class='ocrx_word' id='word_1_18' title='bbox 172 207 255 238; x_wconf 61' lang='lat'>1596·</span> <span class='ocrx_word' id='word_1_19' title='bbox 279 207 348 226; x_wconf 89' lang='lat' dir='ltr'>num</span> <span class='ocrx_word' id='word_1_20' title='bbox 369 196 448 228; x_wconf 88' lang='lat' dir='ltr'>fecit.</span> <span class='ocrx_word' id='word_1_21' title='bbox 479 196 520 225; x_wconf 83' lang='lat' dir='ltr'>Ex</span> <span class='ocrx_word' id='word_1_22' title='bbox 538 197 623 226; x_wconf 89' lang='lat' dir='ltr'>variis</span> <span class='ocrx_word' id='word_1_23' title='bbox 653 191 855 224; x_wconf 79' lang='lat' dir='ltr'>emersionibus</span> <span class='ocrx_word' id='word_1_24' title='bbox 880 193 965 235; x_wconf 84' lang='lat' dir='ltr'>primi</span> <span class='ocrx_word' id='word_1_25' title='bbox 988 192 1112 225; x_wconf 82' lang='lat' dir='ltr'>satellitis</span> <span class='ocrx_word' id='word_1_26' title='bbox 1139 206 1205 227; x_wconf 88' lang='lat' dir='ltr'>cum</span> <span class='ocrx_word' id='word_1_27' title='bbox 1232 195 1373 228; x_wconf 79' lang='lat' dir='ltr'>Paristenfi</span> <span class='ocrx_word' id='word_1_28' title='bbox 1393 198 1505 228; x_wconf 80' lang='lat' dir='ltr'>calculo</span> 
     </span>
     <span class='ocr_line' id='line_1_4' title="bbox 279 234 1507 280; baseline 0.004 -13"><span class='ocrx_word' id='word_1_29' title='bbox 279 238 409 278; x_wconf 80' lang='lat' dir='ltr'>collatis,</span> <span class='ocrx_word' id='word_1_30' title='bbox 427 241 585 271; x_wconf 84' lang='lat' dir='ltr'>constanter</span> <span class='ocrx_word' id='word_1_31' title='bbox 606 237 718 267; x_wconf 85' lang='lat' dir='ltr'>invenit</span> <span class='ocrx_word' id='word_1_32' title='bbox 738 235 930 267; x_wconf 84' lang='lat' dir='ltr'>differentiam</span> <span class='ocrx_word' id='word_1_33' title='bbox 939 234 1155 280; x_wconf 79' lang='lat' dir='ltr'>longitudinum</span> <span class='ocrx_word' id='word_1_34' title='bbox 1177 251 1204 271; x_wconf 88' lang='grc' dir='ltr'>ι.</span> <span class='ocrx_word' id='word_1_35' title='bbox 1220 239 1283 269; x_wconf 88' lang='lat' dir='ltr'>hor.</span> <span class='ocrx_word' id='word_1_36' title='bbox 1301 250 1330 279; x_wconf 84' lang='lat'>51</span> <span class='ocrx_word' id='word_1_37' title='bbox 1347 252 1386 271; x_wconf 86' lang='lat' dir='ltr'>m.</span> <span class='ocrx_word' id='word_1_38' title='bbox 1401 244 1431 271; x_wconf 73' lang='grc' dir='ltr'>δε</span> <span class='ocrx_word' id='word_1_39' title='bbox 1453 241 1507 272; x_wconf 76' lang='lat' dir='ltr'>ali-</span> 
     </span>
     <span class='ocr_line' id='line_1_5' title="bbox 280 282 481 324; baseline 0.005 -12"><span class='ocrx_word' id='word_1_40' title='bbox 280 292 350 324; x_wconf 83' lang='lat' dir='ltr'>quot</span> <span class='ocrx_word' id='word_1_41' title='bbox 367 282 481 313; x_wconf 88' lang='lat' dir='ltr'>secund.</span> 
     </span>
     <span class='ocr_line' id='line_1_6' title="bbox 337 322 842 360; baseline -0.004 -5"><span class='ocrx_word' id='word_1_42' title='bbox 337 324 521 356; x_wconf 78' lang='lat' dir='ltr'>Dardancllis</span> <span class='ocrx_word' id='word_1_43' title='bbox 540 322 680 360; x_wconf 86' lang='lat' dir='ltr'>latitudo,</span> <span class='ocrx_word' id='word_1_44' title='bbox 704 333 768 360; x_wconf 77' lang='lat'>40,</span> <span class='ocrx_word' id='word_1_45' title='bbox 800 334 842 354; x_wconf 79' lang='grc' dir='ltr'>ιο.</span> 
     </span>
     <span class='ocr_line' id='line_1_7' title="bbox 305 365 1507 410; baseline 0.002 -12"><span class='ocrx_word' id='word_1_46' title='bbox 305 367 559 410; x_wconf 79' lang='lat' dir='ltr'>Constantinopoli</span> <span class='ocrx_word' id='word_1_47' title='bbox 574 368 591 397; x_wconf 73' lang='grc' dir='ltr'>ὲ</span> <span class='ocrx_word' id='word_1_48' title='bbox 611 367 688 398; x_wconf 87' lang='lat' dir='ltr'>sexto</span> <span class='ocrx_word' id='word_1_49' title='bbox 704 367 750 397; x_wconf 92' lang='lat' dir='ltr'>die</span> <span class='ocrx_word' id='word_1_50' title='bbox 762 366 936 409; x_wconf 81' lang='lat' dir='ltr'>Septembris</span> <span class='ocrx_word' id='word_1_51' title='bbox 953 365 987 398; x_wconf 85' lang='lat' dir='ltr'>ad</span> <span class='ocrx_word' id='word_1_52' title='bbox 1002 365 1091 398; x_wconf 78' lang='lat' dir='ltr'>finem</span> <span class='ocrx_word' id='word_1_53' title='bbox 1111 367 1197 410; x_wconf 91' lang='lat' dir='ltr'>usque</span> <span class='ocrx_word' id='word_1_54' title='bbox 1212 368 1353 401; x_wconf 64' lang='lat' dir='ltr'>octobris</span> <span class='ocrx_word' id='word_1_55' title='bbox 1372 373 1401 400; x_wconf 83' lang='lat' dir='ltr'>in</span> <span class='ocrx_word' id='word_1_56' title='bbox 1418 373 1507 402; x_wconf 54' lang='lat' dir='ltr'>frana</span> 
     </span>
     <span class='ocr_line' id='line_1_8' title="bbox 283 409 1508 455; baseline 0.002 -13"><span class='ocrx_word' id='word_1_57' title='bbox 283 415 331 443; x_wconf 72' lang='lat' dir='ltr'>ciae</span> <span class='ocrx_word' id='word_1_58' title='bbox 356 411 465 441; x_wconf 74' lang='lat' dir='ltr'>Palatio</span> <span class='ocrx_word' id='word_1_59' title='bbox 490 410 702 442; x_wconf 88' lang='lat' dir='ltr'>observationes</span> <span class='ocrx_word' id='word_1_60' title='bbox 717 413 812 440; x_wconf 86' lang='lat' dir='ltr'>omnis</span> <span class='ocrx_word' id='word_1_61' title='bbox 832 414 944 454; x_wconf 87' lang='lat' dir='ltr'>generis</span> <span class='ocrx_word' id='word_1_62' title='bbox 962 409 1028 441; x_wconf 78' lang='lat' dir='ltr'>fecit</span> <span class='ocrx_word' id='word_1_63' title='bbox 1045 436 1054 449; x_wconf 87' lang='lat'>‚</span> <span class='ocrx_word' id='word_1_64' title='bbox 1080 411 1272 443; x_wconf 84' lang='lat' dir='ltr'>differentiam</span> <span class='ocrx_word' id='word_1_65' title='bbox 1294 413 1508 455; x_wconf 74' lang='lat' dir='ltr'>longitudinum</span> 
     </span>
     <span class='ocr_line' id='line_1_9' title="bbox 282 453 1508 498; baseline 0.003 -14"><span class='ocrx_word' id='word_1_66' title='bbox 282 457 355 485; x_wconf 87' lang='lat' dir='ltr'>inter</span> <span class='ocrx_word' id='word_1_67' title='bbox 372 453 656 498; x_wconf 88' lang='lat' dir='ltr'>Constantinopolim</span> <span class='ocrx_word' id='word_1_68' title='bbox 677 457 708 485; x_wconf 78' lang='grc' dir='ltr'>ὅ(</span> <span class='ocrx_word' id='word_1_69' title='bbox 729 456 870 485; x_wconf 78' lang='lat' dir='ltr'>Lutetiam</span> <span class='ocrx_word' id='word_1_70' title='bbox 887 467 921 486; x_wconf 90' lang='lat' dir='ltr'>ex</span> <span class='ocrx_word' id='word_1_71' title='bbox 938 454 1119 486; x_wconf 79' lang='lat' dir='ltr'>immetfione</span> <span class='ocrx_word' id='word_1_72' title='bbox 1140 458 1227 498; x_wconf 82' lang='lat' dir='ltr'>primi</span> <span class='ocrx_word' id='word_1_73' title='bbox 1250 455 1377 487; x_wconf 79' lang='lat' dir='ltr'>satellitis</span> <span class='ocrx_word' id='word_1_74' title='bbox 1398 459 1443 487; x_wconf 85' lang='lat' dir='ltr'>die</span> <span class='ocrx_word' id='word_1_75' title='bbox 1468 469 1508 496; x_wconf 82' lang='lat'>²4</span> 
     </span>
    </p>
   </div>
   <div class='ocr_carea' id='block_1_2' title="bbox 283 497 1507 584">
    <p class='ocr_par' dir='ltr' id='par_1_2' title="bbox 283 497 1507 584">
     <span class='ocr_line' id='line_1_10' title="bbox 283 497 1507 541; baseline 0.003 -15"><span class='ocrx_word' id='word_1_76' title='bbox 283 498 347 527; x_wconf 87' lang='lat' dir='ltr'>hor.</span> <span class='ocrx_word' id='word_1_77' title='bbox 373 508 387 526; x_wconf 87' lang='lat' dir='ltr'><strong><em>z</em></strong></span> <span class='ocrx_word' id='word_1_78' title='bbox 404 517 412 531; x_wconf 86' lang='lat'>,</span> <span class='ocrx_word' id='word_1_79' title='bbox 444 508 479 536; x_wconf 81' lang='lat'>19</span> <span class='ocrx_word' id='word_1_80' title='bbox 497 519 506 532; x_wconf 93' lang='lat'>,</span> <span class='ocrx_word' id='word_1_81' title='bbox 538 501 647 529; x_wconf 85' lang='lat' dir='ltr'>invenit</span> <span class='ocrx_word' id='word_1_82' title='bbox 666 497 693 526; x_wconf 90' lang='lat' dir='ltr'>h.</span> <span class='ocrx_word' id='word_1_83' title='bbox 716 509 726 528; x_wconf 81' lang='grc' dir='ltr'>ι</span> <span class='ocrx_word' id='word_1_84' title='bbox 751 502 791 536; x_wconf 81' lang='lat'>46</span> <span class='ocrx_word' id='word_1_85' title='bbox 810 520 819 532; x_wconf 95' lang='lat'>‚</span> <span class='ocrx_word' id='word_1_86' title='bbox 843 509 904 535; x_wconf 84' lang='lat'>14,</span> <span class='ocrx_word' id='word_1_87' title='bbox 931 497 979 528; x_wconf 87' lang='lat' dir='ltr'>die</span> <span class='ocrx_word' id='word_1_88' title='bbox 1002 508 1032 528; x_wconf 84' lang='lat'>21</span> <span class='ocrx_word' id='word_1_89' title='bbox 1056 497 1177 529; x_wconf 83' lang='lat' dir='ltr'>altitudo</span> <span class='ocrx_word' id='word_1_90' title='bbox 1204 499 1280 530; x_wconf 84' lang='lat' dir='ltr'>Solis</span> <span class='ocrx_word' id='word_1_91' title='bbox 1309 502 1423 530; x_wconf 77' lang='lat' dir='ltr'>inventa</span> <span class='ocrx_word' id='word_1_92' title='bbox 1444 514 1507 541; x_wconf 75' lang='lat'>49,</span> 
     </span>
     <span class='ocr_line' id='line_1_11' title="bbox 284 539 1016 584; baseline 0.003 -13"><span class='ocrx_word' id='word_1_93' title='bbox 284 543 322 579; x_wconf 84' lang='lat'>48</span> <span class='ocrx_word' id='word_1_94' title='bbox 336 562 346 575; x_wconf 95' lang='lat'><em>‚</em></span> <span class='ocrx_word' id='word_1_95' title='bbox 373 552 434 581; x_wconf 85' lang='lat'>35,</span> <span class='ocrx_word' id='word_1_96' title='bbox 456 551 520 571; x_wconf 89' lang='lat' dir='ltr'>acus</span> <span class='ocrx_word' id='word_1_97' title='bbox 542 542 706 584; x_wconf 83' lang='lat' dir='ltr'>magneticae</span> <span class='ocrx_word' id='word_1_98' title='bbox 729 542 851 572; x_wconf 78' lang='lat' dir='ltr'>variatio</span> <span class='ocrx_word' id='word_1_99' title='bbox 878 553 914 572; x_wconf 90' lang='lat'>12</span> <span class='ocrx_word' id='word_1_100' title='bbox 935 539 1016 583; x_wconf 79' lang='lat' dir='ltr'>grad.</span> 
     </span>
    </p>
   </div>
   <div class='ocr_carea' id='block_1_3' title="bbox 302 625 1485 637">
    <p class='ocr_par' dir='ltr' id='par_1_3' title="bbox 302 625 1485 637">
     <span class='ocr_line' id='line_1_12' title="bbox 302 625 1485 637; baseline 0 1708"><span class='ocrx_word' id='word_1_101' title='bbox 302 625 1485 637; x_wconf 95' lang='lat' dir='ltr'> </span> 
     </span>
    </p>
   </div>
   <div class='ocr_carea' id='block_1_4' title="bbox 706 676 1104 715">
    <p class='ocr_par' dir='ltr' id='par_1_4' title="bbox 706 676 1104 715">
     <span class='ocr_line' id='line_1_13' title="bbox 706 676 1104 715; baseline 0 -1"><span class='ocrx_word' id='word_1_102' title='bbox 706 676 958 715; x_wconf 90' lang='lat' dir='ltr'>CAPUT</span> <span class='ocrx_word' id='word_1_103' title='bbox 1014 678 1104 714; x_wconf 92' lang='lat'>111.</span> 
     </span>
    </p>
   </div>
   <div class='ocr_carea' id='block_1_5' title="bbox 754 764 1043 800">
    <p class='ocr_par' dir='ltr' id='par_1_5' title="bbox 754 764 1043 800">
     <span class='ocr_line' id='line_1_14' title="bbox 754 764 1043 800; baseline 0 -1"><span class='ocrx_word' id='word_1_104' title='bbox 754 768 804 799; x_wconf 86' lang='lat' dir='ltr'>De</span> <span class='ocrx_word' id='word_1_105' title='bbox 837 764 1043 800; x_wconf 69' lang='lat' dir='ltr'>Geometricis.</span> 
     </span>
    </p>
   </div>
   <div class='ocr_carea' id='block_1_6' title="bbox 285 846 1521 2142">
    <p class='ocr_par' dir='ltr' id='par_1_6' title="bbox 286 846 1512 892">
     <span class='ocr_line' id='line_1_15' title="bbox 286 846 1512 892; baseline 0.005 -15"><span class='ocrx_word' id='word_1_106' title='bbox 286 848 310 877; x_wconf 93' lang='lat'>1.</span> <span class='ocrx_word' id='word_1_107' title='bbox 399 849 454 880; x_wconf 78' lang='lat' dir='ltr'>Uae</span> <span class='ocrx_word' id='word_1_108' title='bbox 478 847 643 878; x_wconf 85' lang='lat' dir='ltr'>Matheseos</span> <span class='ocrx_word' id='word_1_109' title='bbox 665 846 728 880; x_wconf 89' lang='lat' dir='ltr'>sunt</span> <span class='ocrx_word' id='word_1_110' title='bbox 749 860 843 892; x_wconf 75' lang='lat' dir='ltr'>purae,</span> <span class='ocrx_word' id='word_1_111' title='bbox 861 848 1022 890; x_wconf 83' lang='lat' dir='ltr'>cujusmodi</span> <span class='ocrx_word' id='word_1_112' title='bbox 1039 849 1100 881; x_wconf 86' lang='lat' dir='ltr'>sunt</span> <span class='ocrx_word' id='word_1_113' title='bbox 1126 851 1325 885; x_wconf 86' lang='lat' dir='ltr'>Geometrica,</span> <span class='ocrx_word' id='word_1_114' title='bbox 1338 850 1512 883; x_wconf 80' lang='lat' dir='ltr'>Arithmeti-</span> 
     </span>
    </p>

    <p class='ocr_par' dir='ltr' id='par_1_7' title="bbox 285 849 1521 1096">
     <span class='ocr_line' id='line_1_16' title="bbox 321 849 1511 937; baseline 0.004 -17"><span class='ocrx_word' id='word_1_115' title='bbox 321 849 455 930; x_wconf 85' lang='lat' dir='ltr'>Qea,</span> <span class='ocrx_word' id='word_1_116' title='bbox 478 894 507 922; x_wconf 70' lang='grc' dir='ltr'>ὅ(</span> <span class='ocrx_word' id='word_1_117' title='bbox 527 890 719 934; x_wconf 72' lang='lat' dir='ltr'>Algebra&#39;l&#39;ca‚</span> <span class='ocrx_word' id='word_1_118' title='bbox 741 903 858 935; x_wconf 77' lang='lat' dir='ltr'>quaeque</span> <span class='ocrx_word' id='word_1_119' title='bbox 875 893 937 923; x_wconf 89' lang='lat' dir='ltr'>sunt</span> <span class='ocrx_word' id='word_1_120' title='bbox 961 893 1125 924; x_wconf 88' lang='lat' dir='ltr'>Matheseos</span> <span class='ocrx_word' id='word_1_121' title='bbox 1140 905 1206 923; x_wconf 87' lang='lat' dir='ltr'>cum</span> <span class='ocrx_word' id='word_1_122' title='bbox 1228 891 1345 933; x_wconf 80' lang='lat' dir='ltr'>Physica</span> <span class='ocrx_word' id='word_1_123' title='bbox 1362 895 1511 937; x_wconf 75' lang='lat' dir='ltr'>permistae,</span> 
     </span>
     <span class='ocr_line' id='line_1_17' title="bbox 286 934 1512 979; baseline 0.004 -15"><span class='ocrx_word' id='word_1_124' title='bbox 286 934 459 965; x_wconf 84' lang='lat' dir='ltr'>Mechanica</span> <span class='ocrx_word' id='word_1_125' title='bbox 480 937 618 965; x_wconf 89' lang='lat' dir='ltr'>nimirum</span> <span class='ocrx_word' id='word_1_126' title='bbox 633 959 642 973; x_wconf 86' lang='lat'>‚</span> <span class='ocrx_word' id='word_1_127' title='bbox 661 934 860 974; x_wconf 86' lang='lat' dir='ltr'>Hydrostatica</span> <span class='ocrx_word' id='word_1_128' title='bbox 872 957 881 970; x_wconf 95' lang='lat'>,</span> <span class='ocrx_word' id='word_1_129' title='bbox 901 937 1011 979; x_wconf 85' lang='lat' dir='ltr'>Optica</span> <span class='ocrx_word' id='word_1_130' title='bbox 1027 937 1082 967; x_wconf 88' lang='lat' dir='ltr'>hoc</span> <span class='ocrx_word' id='word_1_131' title='bbox 1106 946 1232 966; x_wconf 85' lang='lat' dir='ltr'>vertente</span> <span class='ocrx_word' id='word_1_132' title='bbox 1253 947 1328 966; x_wconf 85' lang='lat' dir='ltr'>anno</span> <span class='ocrx_word' id='word_1_133' title='bbox 1350 939 1462 978; x_wconf 82' lang='lat' dir='ltr'>agitata,</span> <span class='ocrx_word' id='word_1_134' title='bbox 1479 942 1512 969; x_wconf 76' lang='grc' dir='ltr'>δε</span> 
     </span>
     <span class='ocr_line' id='line_1_18' title="bbox 285 976 1514 1021; baseline 0.003 -14"><span class='ocrx_word' id='word_1_135' title='bbox 285 978 454 1020; x_wconf 66' lang='lat' dir='ltr'>pertrastata</span> <span class='ocrx_word' id='word_1_136' title='bbox 469 976 623 1019; x_wconf 79' lang='lat' dir='ltr'>diligenter</span> <span class='ocrx_word' id='word_1_137' title='bbox 638 976 795 1008; x_wconf 84' lang='lat' dir='ltr'>exscribere</span> <span class='ocrx_word' id='word_1_138' title='bbox 813 976 833 1008; x_wconf 87' lang='lat' dir='ltr'>si</span> <span class='ocrx_word' id='word_1_139' title='bbox 856 976 957 1010; x_wconf 88' lang='lat' dir='ltr'>liberet</span> <span class='ocrx_word' id='word_1_140' title='bbox 971 1002 979 1016; x_wconf 91' lang='lat'>‚</span> <span class='ocrx_word' id='word_1_141' title='bbox 1004 980 1075 1020; x_wconf 77' lang='lat' dir='ltr'>justo</span> <span class='ocrx_word' id='word_1_142' title='bbox 1102 978 1250 1009; x_wconf 87' lang='lat' dir='ltr'>volumine</span> <span class='ocrx_word' id='word_1_143' title='bbox 1268 990 1339 1021; x_wconf 78' lang='lat' dir='ltr'>opus</span> <span class='ocrx_word' id='word_1_144' title='bbox 1357 979 1432 1010; x_wconf 79' lang='lat' dir='ltr'>csser.</span> <span class='ocrx_word' id='word_1_145' title='bbox 1454 983 1514 1011; x_wconf 86' lang='lat' dir='ltr'>Ita-</span> 
     </span>
     <span class='ocr_line' id='line_1_19' title="bbox 285 1019 1521 1065; baseline 0.003 -15"><span class='ocrx_word' id='word_1_146' title='bbox 285 1030 342 1061; x_wconf 87' lang='lat' dir='ltr'>que</span> <span class='ocrx_word' id='word_1_147' title='bbox 364 1019 427 1051; x_wconf 87' lang='lat' dir='ltr'>satis</span> <span class='ocrx_word' id='word_1_148' title='bbox 446 1019 530 1051; x_wconf 90' lang='lat' dir='ltr'>nobis</span> <span class='ocrx_word' id='word_1_149' title='bbox 550 1019 635 1051; x_wconf 89' lang='lat' dir='ltr'>fuerit</span> <span class='ocrx_word' id='word_1_150' title='bbox 661 1019 770 1052; x_wconf 87' lang='lat' dir='ltr'>summa</span> <span class='ocrx_word' id='word_1_151' title='bbox 782 1032 882 1052; x_wconf 89' lang='lat' dir='ltr'>eorum</span> <span class='ocrx_word' id='word_1_152' title='bbox 893 1025 986 1065; x_wconf 83' lang='lat' dir='ltr'>capita</span> <span class='ocrx_word' id='word_1_153' title='bbox 998 1022 1146 1054; x_wconf 77' lang='lat' dir='ltr'>decurrere</span> <span class='ocrx_word' id='word_1_154' title='bbox 1159 1044 1168 1058; x_wconf 92' lang='lat'><em>‚</em></span> <span class='ocrx_word' id='word_1_155' title='bbox 1188 1032 1250 1064; x_wconf 78' lang='lat' dir='ltr'>quae</span> <span class='ocrx_word' id='word_1_156' title='bbox 1264 1024 1295 1052; x_wconf 83' lang='lat' dir='ltr'>in</span> <span class='ocrx_word' id='word_1_157' title='bbox 1316 1022 1424 1053; x_wconf 83' lang='lat' dir='ltr'>scriniis</span> <span class='ocrx_word' id='word_1_158' title='bbox 1438 1025 1521 1054; x_wconf 85' lang='lat' dir='ltr'>Aca-·</span> 
     </span>
     <span class='ocr_line' id='line_1_20' title="bbox 286 1062 594 1096; baseline 0.003 -2"><span class='ocrx_word' id='word_1_159' title='bbox 286 1063 388 1094; x_wconf 80' lang='lat' dir='ltr'>demiae</span> <span class='ocrx_word' id='word_1_160' title='bbox 411 1062 594 1096; x_wconf 79' lang='lat' dir='ltr'>asservantur.</span> 
     </span>
    </p>

    <p class='ocr_par' dir='ltr' id='par_1_8' title="bbox 286 1106 1518 1526">
     <span class='ocr_line' id='line_1_21' title="bbox 333 1106 1514 1151; baseline 0.002 -15"><span class='ocrx_word' id='word_1_161' title='bbox 333 1108 454 1137; x_wconf 87' lang='lat' dir='ltr'>Ineunte</span> <span class='ocrx_word' id='word_1_162' title='bbox 475 1106 532 1137; x_wconf 90' lang='lat' dir='ltr'>hoc</span> <span class='ocrx_word' id='word_1_163' title='bbox 551 1117 628 1137; x_wconf 87' lang='lat' dir='ltr'>anno</span> <span class='ocrx_word' id='word_1_164' title='bbox 653 1117 756 1151; x_wconf 85' lang='lat' dir='ltr'>nempe</span> <span class='ocrx_word' id='word_1_165' title='bbox 777 1106 824 1138; x_wconf 87' lang='lat' dir='ltr'>die</span> <span class='ocrx_word' id='word_1_166' title='bbox 841 1113 877 1138; x_wconf 81' lang='lat'>26</span> <span class='ocrx_word' id='word_1_167' title='bbox 890 1107 1019 1150; x_wconf 85' lang='lat' dir='ltr'>Januarii</span> <span class='ocrx_word' id='word_1_168' title='bbox 1039 1110 1080 1139; x_wconf 92' lang='lat' dir='ltr'>D.</span> <span class='ocrx_word' id='word_1_169' title='bbox 1103 1109 1150 1138; x_wconf 89' lang='lat' dir='ltr'>De</span> <span class='ocrx_word' id='word_1_170' title='bbox 1174 1107 1199 1138; x_wconf 90' lang='lat' dir='ltr'>la</span> <span class='ocrx_word' id='word_1_171' title='bbox 1224 1109 1299 1138; x_wconf 84' lang='lat' dir='ltr'>Hire</span> <span class='ocrx_word' id='word_1_172' title='bbox 1314 1107 1514 1150; x_wconf 81' lang='lat' dir='ltr'>quadraturam</span> 
     </span>
     <span class='ocr_line' id='line_1_22' title="bbox 286 1149 1515 1195; baseline -0.001 -15"><span class='ocrx_word' id='word_1_173' title='bbox 286 1149 459 1181; x_wconf 82' lang='lat' dir='ltr'>concho&#39;i&#39;dis</span> <span class='ocrx_word' id='word_1_174' title='bbox 477 1149 575 1181; x_wconf 86' lang='lat' dir='ltr'>circuli</span> <span class='ocrx_word' id='word_1_175' title='bbox 596 1162 657 1181; x_wconf 91' lang='lat' dir='ltr'>tum</span> <span class='ocrx_word' id='word_1_176' title='bbox 673 1153 814 1193; x_wconf 84' lang='lat' dir='ltr'>integram</span> <span class='ocrx_word' id='word_1_177' title='bbox 831 1173 841 1186; x_wconf 93' lang='lat'>‚</span> <span class='ocrx_word' id='word_1_178' title='bbox 856 1161 916 1180; x_wconf 91' lang='lat' dir='ltr'>turn</span> <span class='ocrx_word' id='word_1_179' title='bbox 938 1154 1021 1182; x_wconf 89' lang='lat' dir='ltr'>etiam</span> <span class='ocrx_word' id='word_1_180' title='bbox 1041 1163 1090 1195; x_wconf 88' lang='lat' dir='ltr'>per</span> <span class='ocrx_word' id='word_1_181' title='bbox 1115 1163 1204 1194; x_wconf 80' lang='lat' dir='ltr'>partes</span> <span class='ocrx_word' id='word_1_182' title='bbox 1223 1151 1394 1181; x_wconf 79' lang='lat' dir='ltr'>delineatam</span> <span class='ocrx_word' id='word_1_183' title='bbox 1417 1153 1448 1182; x_wconf 72' lang='grc' dir='ltr'>δε</span> <span class='ocrx_word' id='word_1_184' title='bbox 1465 1150 1515 1182; x_wconf 80' lang='lat' dir='ltr'>de.</span> 
     </span>
     <span class='ocr_line' id='line_1_23' title="bbox 286 1192 1515 1236; baseline 0.001 -13"><span class='ocrx_word' id='word_1_185' title='bbox 286 1193 472 1224; x_wconf 87' lang='lat' dir='ltr'>monstratam</span> <span class='ocrx_word' id='word_1_186' title='bbox 487 1192 617 1225; x_wconf 86' lang='lat' dir='ltr'>exhibuit</span> <span class='ocrx_word' id='word_1_187' title='bbox 638 1216 648 1229; x_wconf 92' lang='lat'><em>,</em></span> <span class='ocrx_word' id='word_1_188' title='bbox 684 1195 725 1224; x_wconf 87' lang='lat' dir='ltr'>uti</span> <span class='ocrx_word' id='word_1_189' title='bbox 747 1198 777 1225; x_wconf 87' lang='lat'>&amp;</span> <span class='ocrx_word' id='word_1_190' title='bbox 797 1193 920 1225; x_wconf 79' lang='lat' dir='ltr'>cochleae</span> <span class='ocrx_word' id='word_1_191' title='bbox 943 1217 952 1229; x_wconf 93' lang='lat'><em>‚</em></span> <span class='ocrx_word' id='word_1_192' title='bbox 978 1193 1022 1225; x_wconf 79' lang='lat' dir='ltr'>seu</span> <span class='ocrx_word' id='word_1_193' title='bbox 1055 1194 1164 1226; x_wconf 81' lang='lat' dir='ltr'>limacis</span> <span class='ocrx_word' id='word_1_194' title='bbox 1186 1193 1305 1236; x_wconf 81' lang='lat' dir='ltr'>figuram</span> <span class='ocrx_word' id='word_1_195' title='bbox 1326 1219 1333 1229; x_wconf 91' lang='lat'><em>‚</em></span> <span class='ocrx_word' id='word_1_196' title='bbox 1358 1205 1444 1234; x_wconf 88' lang='lat' dir='ltr'>quam</span> <span class='ocrx_word' id='word_1_197' title='bbox 1471 1195 1515 1225; x_wconf 90' lang='lat' dir='ltr'>D.</span> 
     </span>
     <span class='ocr_line' id='line_1_24' title="bbox 288 1235 1516 1280; baseline 0.002 -14"><span class='ocrx_word' id='word_1_198' title='bbox 288 1235 406 1267; x_wconf 83' lang='lat' dir='ltr'>Paschal</span> <span class='ocrx_word' id='word_1_199' title='bbox 441 1235 514 1267; x_wconf 88' lang='lat' dir='ltr'>olim</span> <span class='ocrx_word' id='word_1_200' title='bbox 549 1236 731 1280; x_wconf 79' lang='lat' dir='ltr'>proposuerat</span> <span class='ocrx_word' id='word_1_201' title='bbox 756 1259 766 1272; x_wconf 88' lang='lat'><em>‚</em></span> <span class='ocrx_word' id='word_1_202' title='bbox 802 1241 881 1279; x_wconf 77' lang='lat' dir='ltr'>cujus</span> <span class='ocrx_word' id='word_1_203' title='bbox 922 1248 1067 1280; x_wconf 81' lang='lat' dir='ltr'>tangentes</span> <span class='ocrx_word' id='word_1_204' title='bbox 1104 1239 1251 1268; x_wconf 84' lang='lat' dir='ltr'>Dominus</span> <span class='ocrx_word' id='word_1_205' title='bbox 1280 1241 1326 1269; x_wconf 93' lang='lat' dir='ltr'>De</span> <span class='ocrx_word' id='word_1_206' title='bbox 1366 1237 1516 1268; x_wconf 85' lang='lat' dir='ltr'>Roberval</span> 
     </span>
     <span class='ocr_line' id='line_1_25' title="bbox 287 1278 1515 1324; baseline 0.001 -14"><span class='ocrx_word' id='word_1_207' title='bbox 287 1279 426 1310; x_wconf 86' lang='lat' dir='ltr'>methodo</span> <span class='ocrx_word' id='word_1_208' title='bbox 459 1280 506 1310; x_wconf 89' lang='lat' dir='ltr'>sua</span> <span class='ocrx_word' id='word_1_209' title='bbox 528 1278 626 1310; x_wconf 80' lang='lat' dir='ltr'>usitata</span> <span class='ocrx_word' id='word_1_210' title='bbox 648 1291 698 1322; x_wconf 90' lang='lat' dir='ltr'>per</span> <span class='ocrx_word' id='word_1_211' title='bbox 730 1291 825 1310; x_wconf 81' lang='lat' dir='ltr'>motus</span> <span class='ocrx_word' id='word_1_212' title='bbox 846 1281 1019 1324; x_wconf 82' lang='lat' dir='ltr'>compositos</span> <span class='ocrx_word' id='word_1_213' title='bbox 1043 1280 1157 1311; x_wconf 83' lang='lat' dir='ltr'>tradidit</span> <span class='ocrx_word' id='word_1_214' title='bbox 1183 1292 1209 1323; x_wconf 88' lang='lat' dir='ltr'>p.</span> <span class='ocrx_word' id='word_1_215' title='bbox 1236 1284 1284 1311; x_wconf 82' lang='lat'>88.</span> <span class='ocrx_word' id='word_1_216' title='bbox 1309 1279 1515 1311; x_wconf 59' lang='lat' dir='ltr'>collectionum</span> 
     </span>
     <span class='ocr_line' id='line_1_26' title="bbox 289 1322 1515 1370; baseline 0.002 -18"><span class='ocrx_word' id='word_1_217' title='bbox 289 1323 582 1358; x_wconf 83' lang='lat' dir='ltr'>Mathematicarum‚</span> <span class='ocrx_word' id='word_1_218' title='bbox 599 1334 668 1370; x_wconf 80' lang='lat' dir='ltr'>quas</span> <span class='ocrx_word' id='word_1_219' title='bbox 694 1325 733 1354; x_wconf 88' lang='lat' dir='ltr'>D.</span> <span class='ocrx_word' id='word_1_220' title='bbox 748 1324 795 1352; x_wconf 88' lang='lat' dir='ltr'>De</span> <span class='ocrx_word' id='word_1_221' title='bbox 814 1322 842 1353; x_wconf 85' lang='lat' dir='ltr'>la</span> <span class='ocrx_word' id='word_1_222' title='bbox 867 1325 940 1353; x_wconf 86' lang='lat' dir='ltr'>Hire</span> <span class='ocrx_word' id='word_1_223' title='bbox 955 1323 1056 1354; x_wconf 83' lang='lat' dir='ltr'>edidit.</span> <span class='ocrx_word' id='word_1_224' title='bbox 1080 1326 1112 1353; x_wconf 90' lang='lat' dir='ltr'>In</span> <span class='ocrx_word' id='word_1_225' title='bbox 1134 1324 1215 1364; x_wconf 81' lang='lat' dir='ltr'>hujus</span> <span class='ocrx_word' id='word_1_226' title='bbox 1229 1345 1238 1358; x_wconf 93' lang='lat'>‚</span> <span class='ocrx_word' id='word_1_227' title='bbox 1258 1326 1374 1364; x_wconf 88' lang='lat' dir='ltr'>inquam</span> <span class='ocrx_word' id='word_1_228' title='bbox 1386 1346 1395 1358; x_wconf 94' lang='lat'><em>‚</em></span> <span class='ocrx_word' id='word_1_229' title='bbox 1417 1322 1515 1365; x_wconf 72' lang='lat' dir='ltr'>figurae</span> 
     </span>
     <span class='ocr_line' id='line_1_27' title="bbox 288 1364 1516 1410; baseline 0.001 -15"><span class='ocrx_word' id='word_1_230' title='bbox 288 1364 479 1408; x_wconf 86' lang='lat' dir='ltr'>descriptione</span> <span class='ocrx_word' id='word_1_231' title='bbox 491 1391 500 1403; x_wconf 82' lang='lat'>‚</span> <span class='ocrx_word' id='word_1_232' title='bbox 518 1376 579 1407; x_wconf 77' lang='lat' dir='ltr'>quae</span> <span class='ocrx_word' id='word_1_233' title='bbox 603 1368 706 1407; x_wconf 71' lang='lat' dir='ltr'>species</span> <span class='ocrx_word' id='word_1_234' title='bbox 725 1366 856 1406; x_wconf 76' lang='lat' dir='ltr'>quaedam</span> <span class='ocrx_word' id='word_1_235' title='bbox 874 1366 912 1396; x_wconf 89' lang='lat' dir='ltr'>est</span> <span class='ocrx_word' id='word_1_236' title='bbox 937 1365 1043 1410; x_wconf 87' lang='lat' dir='ltr'>spiralis</span> <span class='ocrx_word' id='word_1_237' title='bbox 1056 1391 1064 1404; x_wconf 91' lang='lat'><strong>,</strong></span> <span class='ocrx_word' id='word_1_238' title='bbox 1083 1369 1124 1398; x_wconf 91' lang='lat' dir='ltr'>D.</span> <span class='ocrx_word' id='word_1_239' title='bbox 1146 1367 1193 1396; x_wconf 90' lang='lat' dir='ltr'>De</span> <span class='ocrx_word' id='word_1_240' title='bbox 1217 1364 1365 1397; x_wconf 88' lang='lat' dir='ltr'>Roberval</span> <span class='ocrx_word' id='word_1_241' title='bbox 1384 1369 1421 1397; x_wconf 93' lang='lat' dir='ltr'>ait</span> <span class='ocrx_word' id='word_1_242' title='bbox 1440 1377 1516 1402; x_wconf 86' lang='lat' dir='ltr'>eam,</span> 
     </span>
     <span class='ocr_line' id='line_1_28' title="bbox 288 1407 1517 1452; baseline 0.002 -14"><span class='ocrx_word' id='word_1_243' title='bbox 288 1418 350 1450; x_wconf 79' lang='lat' dir='ltr'>quae</span> <span class='ocrx_word' id='word_1_244' title='bbox 370 1408 435 1439; x_wconf 89' lang='lat' dir='ltr'>huic</span> <span class='ocrx_word' id='word_1_245' title='bbox 456 1407 554 1451; x_wconf 82' lang='lat' dir='ltr'>figutae</span> <span class='ocrx_word' id='word_1_246' title='bbox 575 1407 766 1439; x_wconf 80' lang='lat' dir='ltr'>describendae</span> <span class='ocrx_word' id='word_1_247' title='bbox 793 1408 943 1440; x_wconf 84' lang='lat' dir='ltr'>adhibetur</span> <span class='ocrx_word' id='word_1_248' title='bbox 963 1409 1090 1452; x_wconf 81' lang='lat' dir='ltr'>regulam</span> <span class='ocrx_word' id='word_1_249' title='bbox 1107 1420 1154 1440; x_wconf 85' lang='lat' dir='ltr'>aut</span> <span class='ocrx_word' id='word_1_250' title='bbox 1176 1407 1350 1444; x_wconf 88' lang='lat' dir='ltr'>mensuram,</span> <span class='ocrx_word' id='word_1_251' title='bbox 1372 1412 1517 1441; x_wconf 89' lang='lat' dir='ltr'>minorem</span> 
     </span>
     <span class='ocr_line' id='line_1_29' title="bbox 288 1450 1518 1496; baseline 0.003 -16"><span class='ocrx_word' id='word_1_252' title='bbox 288 1450 343 1482; x_wconf 81' lang='lat' dir='ltr'>effe</span> <span class='ocrx_word' id='word_1_253' title='bbox 362 1462 496 1495; x_wconf 89' lang='lat' dir='ltr'>oportere</span> <span class='ocrx_word' id='word_1_254' title='bbox 518 1451 659 1483; x_wconf 89' lang='lat' dir='ltr'>diametro</span> <span class='ocrx_word' id='word_1_255' title='bbox 679 1451 778 1482; x_wconf 88' lang='lat' dir='ltr'>circuli</span> <span class='ocrx_word' id='word_1_256' title='bbox 801 1455 960 1494; x_wconf 83' lang='lat' dir='ltr'>generantis</span> <span class='ocrx_word' id='word_1_257' title='bbox 978 1474 988 1488; x_wconf 93' lang='lat'><em>,</em></span> <span class='ocrx_word' id='word_1_258' title='bbox 1012 1463 1130 1496; x_wconf 84' lang='lat' dir='ltr'>quaeque</span> <span class='ocrx_word' id='word_1_259' title='bbox 1147 1452 1191 1484; x_wconf 91' lang='lat' dir='ltr'>illi</span> <span class='ocrx_word' id='word_1_260' title='bbox 1221 1463 1251 1483; x_wconf 91' lang='lat' dir='ltr'>ut</span> <span class='ocrx_word' id='word_1_261' title='bbox 1271 1450 1342 1483; x_wconf 84' lang='lat' dir='ltr'>bafis</span> <span class='ocrx_word' id='word_1_262' title='bbox 1366 1451 1518 1484; x_wconf 87' lang='lat' dir='ltr'>substerni-</span> 
     </span>
     <span class='ocr_line' id='line_1_30' title="bbox 289 1505 344 1526; baseline 0.036 -2"><span class='ocrx_word' id='word_1_263' title='bbox 289 1505 344 1526; x_wconf 86' lang='lat' dir='ltr'>tur.</span> 
     </span>
    </p>

    <p class='ocr_par' dir='ltr' id='par_1_9' title="bbox 286 1537 1519 1926">
     <span class='ocr_line' id='line_1_31' title="bbox 331 1537 1517 1581; baseline 0.003 -13"><span class='ocrx_word' id='word_1_264' title='bbox 331 1539 406 1568; x_wconf 78' lang='lat' dir='ltr'>Haec</span> <span class='ocrx_word' id='word_1_265' title='bbox 418 1549 476 1569; x_wconf 88' lang='lat' dir='ltr'>erat</span> <span class='ocrx_word' id='word_1_266' title='bbox 491 1537 621 1569; x_wconf 88' lang='lat' dir='ltr'>conditio</span> <span class='ocrx_word' id='word_1_267' title='bbox 638 1539 704 1569; x_wconf 90' lang='lat' dir='ltr'>huic</span> <span class='ocrx_word' id='word_1_268' title='bbox 723 1537 820 1581; x_wconf 76' lang='lat' dir='ltr'>figurae</span> <span class='ocrx_word' id='word_1_269' title='bbox 841 1537 989 1569; x_wconf 75' lang='lat' dir='ltr'>necessaria</span> <span class='ocrx_word' id='word_1_270' title='bbox 1004 1563 1012 1577; x_wconf 82' lang='lat'>‚</span> <span class='ocrx_word' id='word_1_271' title='bbox 1034 1549 1096 1580; x_wconf 79' lang='lat' dir='ltr'>quae</span> <span class='ocrx_word' id='word_1_272' title='bbox 1109 1538 1129 1570; x_wconf 81' lang='lat' dir='ltr'>fi</span> <span class='ocrx_word' id='word_1_273' title='bbox 1148 1538 1218 1570; x_wconf 78' lang='lat' dir='ltr'>defit</span> <span class='ocrx_word' id='word_1_274' title='bbox 1232 1560 1241 1574; x_wconf 91' lang='lat'>,</span> <span class='ocrx_word' id='word_1_275' title='bbox 1256 1538 1364 1580; x_wconf 89' lang='lat' dir='ltr'>ubique</span> <span class='ocrx_word' id='word_1_276' title='bbox 1384 1549 1434 1581; x_wconf 85' lang='lat' dir='ltr'>per</span> <span class='ocrx_word' id='word_1_277' title='bbox 1452 1550 1517 1571; x_wconf 88' lang='lat' dir='ltr'>om-</span> 
     </span>
     <span class='ocr_line' id='line_1_32' title="bbox 290 1580 1517 1624; baseline 0.002 -14"><span class='ocrx_word' id='word_1_278' title='bbox 290 1582 338 1611; x_wconf 89' lang='lat' dir='ltr'>nia</span> <span class='ocrx_word' id='word_1_279' title='bbox 362 1580 459 1612; x_wconf 85' lang='lat' dir='ltr'>circuli</span> <span class='ocrx_word' id='word_1_280' title='bbox 478 1583 763 1624; x_wconf 64' lang='lat' dir='ltr'>generantispuneh</span> <span class='ocrx_word' id='word_1_281' title='bbox 786 1592 844 1611; x_wconf 88' lang='lat' dir='ltr'>non</span> <span class='ocrx_word' id='word_1_282' title='bbox 866 1580 944 1612; x_wconf 87' lang='lat' dir='ltr'>aliud</span> <span class='ocrx_word' id='word_1_283' title='bbox 964 1582 1048 1623; x_wconf 65' lang='lat' dir='ltr'>quam</span> <span class='ocrx_word' id='word_1_284' title='bbox 1076 1581 1224 1612; x_wconf 85' lang='lat' dir='ltr'>dimidiata</span> <span class='ocrx_word' id='word_1_285' title='bbox 1248 1582 1392 1614; x_wconf 85' lang='lat' dir='ltr'>revolutio</span> <span class='ocrx_word' id='word_1_286' title='bbox 1410 1581 1517 1613; x_wconf 85' lang='lat' dir='ltr'>forma-</span> 
     </span>
     <span class='ocr_line' id='line_1_33' title="bbox 290 1623 1517 1667; baseline 0.002 -13"><span class='ocrx_word' id='word_1_287' title='bbox 290 1623 386 1660; x_wconf 87' lang='lat' dir='ltr'>bitur,</span> <span class='ocrx_word' id='word_1_288' title='bbox 411 1624 492 1667; x_wconf 73' lang='lat' dir='ltr'>quod</span> <span class='ocrx_word' id='word_1_289' title='bbox 515 1636 580 1654; x_wconf 91' lang='lat' dir='ltr'>cum</span> <span class='ocrx_word' id='word_1_290' title='bbox 603 1625 725 1656; x_wconf 65' lang='lat' dir='ltr'>cochlear</span> <span class='ocrx_word' id='word_1_291' title='bbox 745 1635 791 1655; x_wconf 84' lang='lat' dir='ltr'>aut</span> <span class='ocrx_word' id='word_1_292' title='bbox 815 1624 925 1655; x_wconf 83' lang='lat' dir='ltr'>limacis</span> <span class='ocrx_word' id='word_1_293' title='bbox 950 1627 1068 1655; x_wconf 82' lang='lat' dir='ltr'>nomine</span> <span class='ocrx_word' id='word_1_294' title='bbox 1089 1625 1105 1654; x_wconf 74' lang='grc' dir='ltr'>ὀ,</span> <span class='ocrx_word' id='word_1_295' title='bbox 1130 1626 1169 1655; x_wconf 92' lang='lat' dir='ltr'>D.</span> <span class='ocrx_word' id='word_1_296' title='bbox 1193 1624 1308 1655; x_wconf 88' lang='lat' dir='ltr'>Paschal</span> <span class='ocrx_word' id='word_1_297' title='bbox 1334 1625 1399 1655; x_wconf 91' lang='lat' dir='ltr'>huic</span> <span class='ocrx_word' id='word_1_298' title='bbox 1419 1623 1517 1667; x_wconf 79' lang='lat' dir='ltr'>figurae</span> 
     </span>
     <span class='ocr_line' id='line_1_34' title="bbox 289 1667 1518 1709; baseline 0.002 -13"><span class='ocrx_word' id='word_1_299' title='bbox 289 1668 386 1698; x_wconf 88' lang='lat' dir='ltr'>indito</span> <span class='ocrx_word' id='word_1_300' title='bbox 403 1690 411 1703; x_wconf 93' lang='lat'>,</span> <span class='ocrx_word' id='word_1_301' title='bbox 439 1671 469 1698; x_wconf 74' lang='grc' dir='ltr'>ὃ(</span> <span class='ocrx_word' id='word_1_302' title='bbox 487 1672 545 1709; x_wconf 82' lang='lat' dir='ltr'>ejus</span> <span class='ocrx_word' id='word_1_303' title='bbox 564 1667 637 1702; x_wconf 84' lang='lat' dir='ltr'>usu,</span> <span class='ocrx_word' id='word_1_304' title='bbox 658 1671 703 1698; x_wconf 89' lang='lat' dir='ltr'>cui</span> <span class='ocrx_word' id='word_1_305' title='bbox 734 1679 791 1698; x_wconf 83' lang='lat' dir='ltr'>etat</span> <span class='ocrx_word' id='word_1_306' title='bbox 811 1667 945 1697; x_wconf 78' lang='lat' dir='ltr'>destinata</span> <span class='ocrx_word' id='word_1_307' title='bbox 964 1690 972 1703; x_wconf 87' lang='lat'><em>,</em></span> <span class='ocrx_word' id='word_1_308' title='bbox 1003 1678 1062 1697; x_wconf 89' lang='lat' dir='ltr'>non</span> <span class='ocrx_word' id='word_1_309' title='bbox 1084 1671 1263 1699; x_wconf 87' lang='lat' dir='ltr'>conveniret.</span> <span class='ocrx_word' id='word_1_310' title='bbox 1291 1667 1348 1698; x_wconf 90' lang='lat' dir='ltr'>Sed</span> <span class='ocrx_word' id='word_1_311' title='bbox 1374 1678 1464 1709; x_wconf 88' lang='lat' dir='ltr'>neque</span> <span class='ocrx_word' id='word_1_312' title='bbox 1488 1668 1518 1699; x_wconf 92' lang='lat' dir='ltr'>id</span> 
     </span>
     <span class='ocr_line' id='line_1_35' title="bbox 288 1709 1519 1755; baseline 0.002 -16"><span class='ocrx_word' id='word_1_313' title='bbox 288 1710 378 1751; x_wconf 84' lang='lat' dir='ltr'>objici</span> <span class='ocrx_word' id='word_1_314' title='bbox 399 1711 507 1755; x_wconf 81' lang='lat' dir='ltr'>potest,</span> <span class='ocrx_word' id='word_1_315' title='bbox 530 1714 572 1742; x_wconf 92' lang='lat' dir='ltr'>D.</span> <span class='ocrx_word' id='word_1_316' title='bbox 594 1712 641 1741; x_wconf 90' lang='lat' dir='ltr'>De</span> <span class='ocrx_word' id='word_1_317' title='bbox 657 1709 805 1741; x_wconf 85' lang='lat' dir='ltr'>Roberval</span> <span class='ocrx_word' id='word_1_318' title='bbox 831 1709 938 1740; x_wconf 81' lang='lat' dir='ltr'>limacis</span> <span class='ocrx_word' id='word_1_319' title='bbox 957 1711 1158 1741; x_wconf 82' lang='lat' dir='ltr'>tantummodo</span> <span class='ocrx_word' id='word_1_320' title='bbox 1177 1711 1379 1754; x_wconf 75' lang='lat' dir='ltr'>quadraturam</span> <span class='ocrx_word' id='word_1_321' title='bbox 1399 1709 1519 1741; x_wconf 87' lang='lat' dir='ltr'>demon-</span> 
     </span>
     <span class='ocr_line' id='line_1_36' title="bbox 287 1752 1518 1796; baseline 0.002 -13"><span class='ocrx_word' id='word_1_322' title='bbox 287 1753 378 1783; x_wconf 78' lang='lat' dir='ltr'>strasse</span> <span class='ocrx_word' id='word_1_323' title='bbox 391 1776 399 1789; x_wconf 91' lang='lat'>‚</span> <span class='ocrx_word' id='word_1_324' title='bbox 419 1765 510 1796; x_wconf 84' lang='lat' dir='ltr'>neque</span> <span class='ocrx_word' id='word_1_325' title='bbox 528 1753 606 1784; x_wconf 85' lang='lat' dir='ltr'>aliud</span> <span class='ocrx_word' id='word_1_326' title='bbox 628 1754 764 1796; x_wconf 84' lang='lat' dir='ltr'>quiddam</span> <span class='ocrx_word' id='word_1_327' title='bbox 782 1765 882 1796; x_wconf 56' lang='lat' dir='ltr'>p‘aeter</span> <span class='ocrx_word' id='word_1_328' title='bbox 902 1753 1110 1785; x_wconf 77' lang='lat' dir='ltr'>Concho&#39;1·dem</span> <span class='ocrx_word' id='word_1_329' title='bbox 1126 1753 1246 1789; x_wconf 89' lang='lat' dir='ltr'>circuli,</span> <span class='ocrx_word' id='word_1_330' title='bbox 1268 1756 1347 1795; x_wconf 81' lang='lat' dir='ltr'>cujus</span> <span class='ocrx_word' id='word_1_331' title='bbox 1361 1752 1456 1796; x_wconf 83' lang='lat' dir='ltr'>regula</span> <span class='ocrx_word' id='word_1_332' title='bbox 1471 1764 1518 1786; x_wconf 88' lang='lat' dir='ltr'>aut</span> 
     </span>
     <span class='ocr_line' id='line_1_37' title="bbox 286 1795 1516 1840; baseline 0.002 -14"><span class='ocrx_word' id='word_1_333' title='bbox 286 1797 418 1826; x_wconf 81' lang='lat' dir='ltr'>mensura</span> <span class='ocrx_word' id='word_1_334' title='bbox 442 1800 539 1827; x_wconf 89' lang='lat' dir='ltr'>minor</span> <span class='ocrx_word' id='word_1_335' title='bbox 561 1795 592 1827; x_wconf 83' lang='lat' dir='ltr'>stt</span> <span class='ocrx_word' id='word_1_336' title='bbox 618 1797 760 1829; x_wconf 82' lang='lat' dir='ltr'>diametro</span> <span class='ocrx_word' id='word_1_337' title='bbox 787 1796 884 1828; x_wconf 87' lang='lat' dir='ltr'>circuli</span> <span class='ocrx_word' id='word_1_338' title='bbox 912 1800 1093 1840; x_wconf 82' lang='lat' dir='ltr'>generantis,</span> <span class='ocrx_word' id='word_1_339' title='bbox 1117 1797 1153 1828; x_wconf 80' lang='lat' dir='ltr'>ab</span> <span class='ocrx_word' id='word_1_340' title='bbox 1176 1809 1210 1826; x_wconf 89' lang='lat' dir='ltr'>eo</span> <span class='ocrx_word' id='word_1_341' title='bbox 1235 1797 1390 1840; x_wconf 58' lang='lat' dir='ltr'>spectatum</span> <span class='ocrx_word' id='word_1_342' title='bbox 1412 1796 1516 1829; x_wconf 69' lang='lat' dir='ltr'>fuisse:</span> 
     </span>
     <span class='ocr_line' id='line_1_38' title="bbox 286 1838 1518 1883; baseline 0.001 -14"><span class='ocrx_word' id='word_1_343' title='bbox 286 1839 522 1882; x_wconf 84' lang='lat' dir='ltr'>quandoquidem</span> <span class='ocrx_word' id='word_1_344' title='bbox 544 1844 601 1882; x_wconf 81' lang='lat' dir='ltr'>ejus</span> <span class='ocrx_word' id='word_1_345' title='bbox 629 1840 780 1871; x_wconf 80' lang='lat' dir='ltr'>methodus</span> <span class='ocrx_word' id='word_1_346' title='bbox 806 1851 863 1869; x_wconf 86' lang='lat' dir='ltr'>non</span> <span class='ocrx_word' id='word_1_347' title='bbox 886 1839 978 1871; x_wconf 86' lang='lat' dir='ltr'>solum</span> <span class='ocrx_word' id='word_1_348' title='bbox 1004 1840 1039 1871; x_wconf 88' lang='lat' dir='ltr'>ad</span> <span class='ocrx_word' id='word_1_349' title='bbox 1058 1851 1145 1870; x_wconf 83' lang='lat' dir='ltr'>omne</span> <span class='ocrx_word' id='word_1_350' title='bbox 1167 1851 1256 1883; x_wconf 85' lang='lat' dir='ltr'>genus</span> <span class='ocrx_word' id='word_1_351' title='bbox 1271 1838 1444 1871; x_wconf 75' lang='lat' dir='ltr'>concho&#39;x&#39;dis</span> <span class='ocrx_word' id='word_1_352' title='bbox 1462 1842 1518 1870; x_wconf 88' lang='lat' dir='ltr'>cir-</span> 
     </span>
     <span class='ocr_line' id='line_1_39' title="bbox 286 1882 1102 1926; baseline 0.002 -14"><span class='ocrx_word' id='word_1_353' title='bbox 286 1882 368 1918; x_wconf 87' lang='lat' dir='ltr'>culi,</span> <span class='ocrx_word' id='word_1_354' title='bbox 388 1882 436 1913; x_wconf 84' lang='lat' dir='ltr'>sed</span> <span class='ocrx_word' id='word_1_355' title='bbox 457 1885 542 1913; x_wconf 86' lang='lat' dir='ltr'>etiam</span> <span class='ocrx_word' id='word_1_356' title='bbox 564 1882 599 1912; x_wconf 92' lang='lat' dir='ltr'>ad</span> <span class='ocrx_word' id='word_1_357' title='bbox 625 1883 731 1926; x_wconf 78' lang='lat' dir='ltr'>reliqua</span> <span class='ocrx_word' id='word_1_358' title='bbox 754 1886 852 1913; x_wconf 81' lang='lat' dir='ltr'>omnia</span> <span class='ocrx_word' id='word_1_359' title='bbox 872 1883 952 1924; x_wconf 72' lang='lat' dir='ltr'>:eque</span> <span class='ocrx_word' id='word_1_360' title='bbox 970 1886 1102 1926; x_wconf 83' lang='lat' dir='ltr'>pertinet·</span> 
     </span>
    </p>

    <p class='ocr_par' dir='ltr' id='par_1_10' title="bbox 287 1924 1519 2142">
     <span class='ocr_line' id='line_1_40' title="bbox 330 1924 1519 1969; baseline -0.001 -13"><span class='ocrx_word' id='word_1_361' title='bbox 330 1928 357 1956; x_wconf 87' lang='lat' dir='ltr'>Is</span> <span class='ocrx_word' id='word_1_362' title='bbox 375 1929 479 1969; x_wconf 89' lang='lat' dir='ltr'>quippe</span> <span class='ocrx_word' id='word_1_363' title='bbox 503 1928 532 1956; x_wconf 93' lang='lat' dir='ltr'>in</span> <span class='ocrx_word' id='word_1_364' title='bbox 552 1927 689 1957; x_wconf 70' lang='lat' dir='ltr'>Trastatu</span> <span class='ocrx_word' id='word_1_365' title='bbox 715 1929 760 1956; x_wconf 86' lang='lat' dir='ltr'>De</span> <span class='ocrx_word' id='word_1_366' title='bbox 781 1925 996 1966; x_wconf 76' lang='lat' dir='ltr'>Indivifibilibus</span> <span class='ocrx_word' id='word_1_367' title='bbox 1009 1948 1018 1961; x_wconf 90' lang='lat'><em>‚</em></span> <span class='ocrx_word' id='word_1_368' title='bbox 1044 1929 1092 1968; x_wconf 88' lang='lat' dir='ltr'>qui</span> <span class='ocrx_word' id='word_1_369' title='bbox 1113 1929 1143 1957; x_wconf 90' lang='lat' dir='ltr'>in</span> <span class='ocrx_word' id='word_1_370' title='bbox 1158 1925 1258 1957; x_wconf 86' lang='lat' dir='ltr'>iisdem</span> <span class='ocrx_word' id='word_1_371' title='bbox 1285 1924 1519 1957; x_wconf 66' lang='lat' dir='ltr'>collectionibus</span> 
     </span>
     <span class='ocr_line' id='line_1_41' title="bbox 287 1968 1518 2012; baseline 0.001 -13"><span class='ocrx_word' id='word_1_372' title='bbox 287 1968 342 2000; x_wconf 84' lang='lat' dir='ltr'>fuit</span> <span class='ocrx_word' id='word_1_373' title='bbox 361 1969 507 2011; x_wconf 68' lang='lat' dir='ltr'>evulgatus</span> <span class='ocrx_word' id='word_1_374' title='bbox 531 1981 560 2012; x_wconf 89' lang='lat' dir='ltr'>p.</span> <span class='ocrx_word' id='word_1_375' title='bbox 587 1973 640 2009; x_wconf 82' lang='lat'>198</span> <span class='ocrx_word' id='word_1_376' title='bbox 661 1968 830 2000; x_wconf 85' lang='lat' dir='ltr'>methodum</span> <span class='ocrx_word' id='word_1_377' title='bbox 851 1969 937 2000; x_wconf 75' lang='lat' dir='ltr'>tradit</span> <span class='ocrx_word' id='word_1_378' title='bbox 952 1995 960 2008; x_wconf 96' lang='lat'>,</span> <span class='ocrx_word' id='word_1_379' title='bbox 975 1980 1030 2012; x_wconf 89' lang='lat' dir='ltr'>qua</span> <span class='ocrx_word' id='word_1_380' title='bbox 1055 1968 1142 2012; x_wconf 86' lang='lat' dir='ltr'>spatia</span> <span class='ocrx_word' id='word_1_381' title='bbox 1169 1971 1301 2000; x_wconf 90' lang='lat' dir='ltr'>omnium</span> <span class='ocrx_word' id='word_1_382' title='bbox 1320 1968 1518 2000; x_wconf 81' lang='lat' dir='ltr'>concho&#39;idum</span> 
     </span>
     <span class='ocr_line' id='line_1_42' title="bbox 287 2011 1518 2056; baseline -0.001 -14"><span class='ocrx_word' id='word_1_383' title='bbox 287 2011 463 2055; x_wconf 84' lang='lat' dir='ltr'>quadrantur</span> <span class='ocrx_word' id='word_1_384' title='bbox 478 2034 487 2047; x_wconf 96' lang='lat'>,</span> <span class='ocrx_word' id='word_1_385' title='bbox 501 2024 584 2056; x_wconf 84' lang='lat' dir='ltr'>atque</span> <span class='ocrx_word' id='word_1_386' title='bbox 605 2012 644 2044; x_wconf 91' lang='lat' dir='ltr'>ibi</span> <span class='ocrx_word' id='word_1_387' title='bbox 664 2011 761 2043; x_wconf 82' lang='lat' dir='ltr'>circuli</span> <span class='ocrx_word' id='word_1_388' title='bbox 783 2011 960 2042; x_wconf 75' lang='lat' dir='ltr'>concho&#39;i‘dcs</span> <span class='ocrx_word' id='word_1_389' title='bbox 982 2023 1182 2054; x_wconf 81' lang='lat' dir='ltr'>exponuntur,</span> <span class='ocrx_word' id='word_1_390' title='bbox 1202 2012 1280 2043; x_wconf 84' lang='lat' dir='ltr'>nulla</span> <span class='ocrx_word' id='word_1_391' title='bbox 1293 2012 1411 2055; x_wconf 88' lang='lat' dir='ltr'>quidem</span> <span class='ocrx_word' id='word_1_392' title='bbox 1435 2011 1518 2042; x_wconf 88' lang='lat' dir='ltr'>lima-</span> 
     </span>
     <span class='ocr_line' id='line_1_43' title="bbox 289 2053 1517 2098; baseline 0 -14"><span class='ocrx_word' id='word_1_393' title='bbox 289 2058 329 2085; x_wconf 88' lang='lat' dir='ltr'>cis</span> <span class='ocrx_word' id='word_1_394' title='bbox 354 2057 428 2086; x_wconf 63' lang='lat' dir='ltr'>faeta</span> <span class='ocrx_word' id='word_1_395' title='bbox 453 2067 599 2086; x_wconf 74' lang='lat' dir='ltr'>mentione</span> <span class='ocrx_word' id='word_1_396' title='bbox 620 2081 629 2094; x_wconf 90' lang='lat'>,</span> <span class='ocrx_word' id='word_1_397' title='bbox 653 2055 699 2086; x_wconf 83' lang='lat' dir='ltr'>sed</span> <span class='ocrx_word' id='word_1_398' title='bbox 726 2053 833 2085; x_wconf 66' lang='lat' dir='ltr'>nullam</span> <span class='ocrx_word' id='word_1_399' title='bbox 859 2054 974 2085; x_wconf 88' lang='lat' dir='ltr'>adhibet</span> <span class='ocrx_word' id='word_1_400' title='bbox 1002 2056 1218 2086; x_wconf 60' lang='lat' dir='ltr'>restriaionern.</span> <span class='ocrx_word' id='word_1_401' title='bbox 1240 2057 1320 2087; x_wconf 86' lang='lat' dir='ltr'>Nam</span> <span class='ocrx_word' id='word_1_402' title='bbox 1344 2067 1407 2098; x_wconf 77' lang='lat' dir='ltr'>quae</span> <span class='ocrx_word' id='word_1_403' title='bbox 1428 2054 1464 2084; x_wconf 80' lang='lat' dir='ltr'>ab</span> <span class='ocrx_word' id='word_1_404' title='bbox 1482 2065 1517 2084; x_wconf 89' lang='lat' dir='ltr'>eo</span> 
     </span>
     <span class='ocr_line' id='line_1_44' title="bbox 291 2098 1514 2142; baseline -0.001 -13"><span class='ocrx_word' id='word_1_405' title='bbox 291 2098 438 2142; x_wconf 84' lang='lat' dir='ltr'>usurpatur</span> <span class='ocrx_word' id='word_1_406' title='bbox 461 2098 613 2130; x_wconf 84' lang='lat' dir='ltr'>methodus</span> <span class='ocrx_word' id='word_1_407' title='bbox 640 2098 799 2142; x_wconf 85' lang='lat' dir='ltr'>quadrandi</span> <span class='ocrx_word' id='word_1_408' title='bbox 815 2121 824 2134; x_wconf 90' lang='lat'><em>,</em></span> <span class='ocrx_word' id='word_1_409' title='bbox 843 2101 923 2129; x_wconf 89' lang='lat' dir='ltr'>omni</span> <span class='ocrx_word' id='word_1_410' title='bbox 937 2101 1033 2141; x_wconf 83' lang='lat' dir='ltr'>generi</span> <span class='ocrx_word' id='word_1_411' title='bbox 1043 2099 1240 2131; x_wconf 72' lang='lat' dir='ltr'>conclio&#39;tdum</span> <span class='ocrx_word' id='word_1_412' title='bbox 1261 2099 1358 2130; x_wconf 84' lang='lat' dir='ltr'>circuli</span> <span class='ocrx_word' id='word_1_413' title='bbox 1372 2099 1514 2129; x_wconf 87' lang='lat' dir='ltr'>convenit.</span> 
     </span>
    </p>
   </div>
  </div>
 </body>
</html>
