1638 2345
618 62 629 73 Ο

282 94 581 126 ACADEMIAE
619 94 889 128 HISTORIA
923 97 1007 132 Lin.
1038 101 1100 135 IV.
1253 110 1309 146 287

80 137 274 183 phoenomeni
288 138 561 170 demonstrationem
579 138 681 175 attulit,
705 140 765 170 Res
781 138 852 170 adeo
869 139 928 172 visa
946 142 985 173 est
1003 142 1091 186 digna
1108 156 1169 188 quoe
1187 148 1216 178 in
1233 149 1307 180 Acta
1325 155 1396 191 Chr-

79 181 197 225 publica
221 181 387 213 Academiae
403 194 432 225 p.
451 185 501 223 158
527 182 688 214 referretur.
716 184 813 225 Hujus
830 186 870 214 rei
892 184 1039 217 occasione
1065 189 1106 219 D.
1126 191 1174 220 De
1196 191 1220 222 h
1235 196 1306 224 Hire
1323 200 1397 229 mica.

78 224 169 257 aliurn
196 225 257 257 soni
285 237 331 257 aut
349 229 422 257 moti
449 229 522 256 a‘e'ris
539 224 676 256 effectum
706 226 769 258 satis
797 228 1017 260 memorabilem
1044 240 1306 272 commemoravit,

77 271 129 311 qui
161 272 190 300 in
224 269 282 299 :erle
306 270 335 301 S.
353 268 462 301 Nicafii
487 269 590 301 Remis
608 268 771 302 observatur
799 283 806 302 ε
829 282 894 302 cum
917 271 1005 303 altera
1031 272 1048 305 ὲ
1078 281 1224 320 campanis
1246 293 1307 323 qux

78 314 142 344 sunt
168 316 198 343 in
220 310 327 344 su'iiima
350 316 433 344 turris
454 324 532 356 parte
554 336 565 349 ,
595 325 797 345 commovetur
817 337 826 350 ‚
855 315 902 346 hic
924 326 1018 347 motus
1037 320 1067 348 in
1095 321 1253 354 anteridem
1279 337 1306 355 v.

77 355 271 392 Archetium,
294 367 356 399 quoe
377 367 454 398 parte
478 355 519 387 sui
539 355 649 389 summa
666 369 731 389 cum
754 361 823 389 turri
847 370 906 389 non
929 360 1053 392 cohaerct
1072 386 1082 398 ,
1103 364 1128 393 se
1147 363 1284 398 diffimdit
1301 382 1307 399 ;

77 398 148 427 adeo
178 409 208 429 ut
239 403 297 441 ejus
329 399 505 431 vibrationes
531 400 610 433 sensu
634 401 695 444 ipso
726 404 927 445 percipiantur.
965 405 1051 435 Circa
1078 410 1136 438 vim
1161 409 1308 441 Elafflcam

76 444 150 515 πέζις
168 441 256 473 multa
276 442 343 475 fecit
362 446 555 488 experimenta
576 447 618 477 D.
636 445 792 489 Homberg
809 457 871 488 quae
894 449 924 478 in
945 448 1027 479 Actis
1053 451 1218 482 Academiae
1246 453 1309 485 sunt

75 495 110 528 pu
149 496 228 518 icata.

466 620 498 656 C
526 622 561 658 A
586 623 611 658 P
632 625 672 662 U
696 623 732 659 T
787 623 804 658 1
819 623 878 660 ΙΙ.

452 714 500 745 De
528 708 682 759 chymict's
709 707 879 748 laboribus.

70 793 95 825 1.
124 797 174 872 P
189 796 344 827 Lantatum
362 795 488 837 analyses
506 798 547 828 D.
567 795 723 828 Bourdelin
741 799 783 828 uti
800 795 992 840 superioribus
1018 796 1099 827 annis
1120 796 1160 827 est
1178 798 1305 841 persecu-

189 849 242 870 tus,
269 841 371 871 Novas
395 837 609 884 suppeditarunt
632 842 671 872 D.
698 841 740 870 D.
764 841 919 871 Marchant
944 843 975 871 &
1000 839 1191 872 Tournefort.
1216 844 1305 873 Non-

68 879 146 912 nulla
170 894 286 925 quoque
306 895 392 926 opera
412 884 555 924 Chymica
578 886 618 915 D.
634 882 789 926 Homberg
807 882 926 927 protulit
945 906 955 919 ,
977 883 1136 925 cujusmodi
1155 885 1192 914 est
1212 885 1305 916 famo-

68 923 95 954 sa
117 924 165 955 illa
188 927 291 957 Dianae
312 925 397 957 arbor
418 925 435 956 ὲ
457 927 611 968 Chymicis
628 926 700 956 adeo
723 928 825 967 jastata
846 938 932 969 quam
948 926 1028 957 brevi
1049 930 1187 969 temporis
1213 928 1303 971 spatio

66 967 202 1001 confecit.
227 971 322 1010 Hujus
337 969 467 1012 parandae
481 973 552 1000 ratio
568 972 597 1000 in
613 970 695 1000 Acris
712 969 875 1000 Academiae
889 981 917 1012 p.
940 975 1007 1005 146.
1022 969 1174 1014 perscripta
1188 972 1236 1004 est.

116 1014 165 1045 11.
207 1013 248 1045 D.
275 1012 427 1056 Homberg
447 1012 578 1056 quaedam
600 1015 749 1044 annotavit
773 1017 847 1044 circa
868 1014 1029 1056 plantarum
1052 1012 1178 1053 analyses
1207 1015 1302 1046 haere-

65 1064 118 1085 nus
133 1055 239 1092 fastas,
259 1067 327 1099 quas
347 1057 519 1099 &stirpium
539 1067 660 1087 numero
683 1060 713 1088 ὃ(
733 1056 840 1087 summa
854 1058 884 1086 in
904 1059 938 1087 iis
956 1055 1132 1087 resolvendis
1153 1056 1303 1100 diligentia

65 1096 232 1141 speetabiles
258 1100 404 1140 judicavit.
431 1100 540 1131 Habita
561 1099 678 1143 quidem
702 1103 824 1131 materiae
849 1099 935 1143 ipsius
959 1102 1068 1131 ratione
1082 1099 1224 1143 pleraeque
1238 1102 1303 1133 stir-

64 1144 144 1183 pium
163 1142 331 1175 differcntiae
346 1155 381 1174 ex
398 1147 474 1175 varia
492 1146 700 1188 principiorum
719 1146 925 1187 temperatione
944 1145 975 1174 &
992 1143 1106 1174 mistura
1123 1144 1190 1175 duci
1202 1145 1304 1176 viden-

65 1193 121 1216 tur.
146 1188 188 1216 Ex
202 1186 339 1217 omnibus
360 1190 437 1218 enim
456 1186 515 1218 fere
533 1187 593 1217 haec
611 1185 783 1222 eliciuntur,
796 1185 933 1229 phlegma
948 1208 957 1221 ,
981 1187 1092 1229 spiritus
1115 1186 1212 1218 acidus
1229 1211 1237 1223 ‚
1256 1190 1303 1220 vel

63 1239 127 1260 acer
142 1251 151 1264 ,
173 1229 209 1260 sal
225 1228 348 1261 volatilis
364 1253 373 1265 ,
391 1229 488 1262 oleum
501 1253 511 1266 ‚
529 1229 567 1260 sal
580 1228 653 1260 fixus
668 1251 677 1264 ‚
692 1232 741 1272 qui
761 1229 904 1260 interdum
922 1232 1041 1265 tartari,
1063 1230 1207 1261 interdum
1221 1244 1304 1262 com-

63 1282 179 1303 munem
202 1272 287 1304 silem
309 1272 394 1305 refert
409 1296 420 1309 ,
451 1284 533 1317 caput
549 1283 698 1304 mortuum
719 1271 812 1304 modo
829 1274 859 1303 in
878 1275 980 1314 majori
1001 1295 1010 1308 ‚
1035 1272 1127 1303 modi>
1146 1276 1176 1304 in
1196 1277 1304 1307 minori

62 1319 231 1356 quantitate.
263 1319 347 1360 Qu
373 1319 459 1349 etiam
476 1320 506 1348 in
526 1315 674 1347 nonnullis
692 1327 813 1358 quarum
835 1318 909 1346 vires
931 1319 961 1346 &
982 1313 1099 1347 effeEkus
1117 1315 1181 1348 sunt
1201 1317 1305 1349 admo-

62 1358 134 1388 dum
149 1358 297 1390 dissimiles
318 1382 328 1396 ,
346 1360 480 1391 videntur
495 1358 621 1400 analyses
638 1370 712 1403 pene
729 1357 891 1389 consimiles
914 1369 922 1392 3
943 1358 1014 1389 adeo
1035 1370 1066 1390 ut
1086 1359 1155 1389 hinc
1169 1361 1304 1393 concludi

61 1400 149 1444 possit
164 1427 171 1439 ,
197 1414 230 1433 ex
249 1402 307 1433 sola
326 1403 431 1445 analysi
454 1402 613 1446 plantarum
630 1407 704 1434 vires
727 1401 884 1446 perspet‘tas
906 1401 1063 1434 habetivix
1077 1402 1154 1445 poffe
1166 1425 1175 1438 ,
1196 1406 1302 1436 ramerii

63 1445 199 1476 nonnihil
218 1445 288 1477 lucis
309 1448 453 1478 Botanicae
478 1445 560 1477 affert
583 1449 614 1477 &
637 1444 835 1477 controversia:
856 1443 1018 1489 complures
1041 1445 1076 1476 de
1096 1457 1193 1477 natura
1209 1452 1238 1479 ἃ
1253 1448 1303 1479 di-

62 1488 190 1520 versitate
205 1488 304 1521 salium
323 1492 352 1520 in
373 1489 476 1533 plantis
496 1491 563 1521 hinc
579 1489 733 1530 dijudicari
754 1487 876 1531 possunt.

105 1534 174 1563 111.
216 1532 292 1564 Illud
313 1536 397 1564 etiam
418 1545 451 1564 ex
472 1533 524 1564 usu
544 1533 673 1564 futurum
693 1531 870 1563 existimabat
883 1555 892 1568 ‚
913 1531 932 1562 si
951 1534 1073 1563 materiae
1089 1530 1153 1574 ipsae
1166 1532 1182 1562 ὲ
1195 1532 1301 1575 plantis

61 1574 173 1606 eductae
195 1575 343 1620 separatim
359 1587 577 1611 excuterentur,
597 1579 626 1607 &
648 1579 732 1607 variis
749 1578 953 1617 experimentis
965 1574 1163 1618 probarentur.
1189 1577 1300 1609 Placuit

62 1617 97 1648 ab
118 1618 189 1650 oleis
209 1619 321 1651 foetidis
340 1631 402 1662 quae
422 1619 471 1651 sub
494 1618 583 1651 finem
597 1619 731 1661 cujusque
747 1619 928 1650 resolutionis
955 1620 982 1649 se
1008 1618 1135 1661 produnt
1151 1641 1160 1654 ,
1185 1622 1301 1651 initium

62 1661 170 1693 sumere
186 1687 195 1703 ‚
218 1666 249 1694 δέ
266 1667 387 1707 experiri
405 1675 439 1693 an
461 1662 537 1695 forte
556 1662 592 1694 ad
612 1663 693 1693 usum
714 1662 844 1694 adhiberi
868 1659 988 1706 possent.
1011 1663 1056 1692 Ac
1079 1664 1203 1704 primum
1225 1675 1298 1694 tetro

61 1705 152 1736 odore
174 1706 302 1738 exuenda
326 1707 399 1738 sunt.
423 1707 494 1738 Olei
515 1708 612 1738 tartari
626 1705 800 1737 semilibram
814 1716 881 1736 cum
900 1705 1009 1737 duabus
1031 1704 1111 1736 libris
1126 1706 1210 1737 calcis
1224 1710 1299 1739 vivae

61 1749 222 1791 permistam
241 1750 298 1781 leni
321 1753 386 1792 igne
405 1763 454 1795 per
476 1761 610 1781 retortam
629 1749 777 1780 distillavit
798 1771 808 1784 ,
826 1749 950 1780 multum
968 1747 1137 1792 phlegmatis
1152 1754 1296 1792 primum,

63 1803 123 1822 tum
144 1791 241 1824 oleum
264 1794 391 1837 prodiit,
409 1793 487 1837 quod
506 1794 521 1824 ὲ
544 1793 706 1837 phlegmate
723 1792 857 1823 secretum
872 1803 938 1824 cum
957 1792 1031 1822 calce
1056 1795 1158 1822 iterum
1183 1795 1297 1825 mistum

63 1835 197 1866 nonnihil
217 1837 387 1879 phlegmatis
400 1838 478 1869 dedit
491 1860 500 1873 ,
520 1839 576 1867 hoc
594 1837 690 1867 oleum
710 1839 820 1879 excepit
836 1859 845 1871 ,
865 1836 950 1880 idque
968 1835 1055 1866 sexies
1069 1835 1123 1866 fuit
1135 1841 1296 1879 repetitum,

63 1881 189 1923 quinque
211 1880 380 1923 phlegmatis
404 1880 563 1912 admodum
589 1880 684 1910 foetidi
703 1883 733 1910 &
750 1880 813 1910 duae
834 1879 891 1910 olei
911 1882 1000 1910 unciae
1025 1891 1092 1910 cum
1111 1879 1215 1909 semisse
1231 1892 1298 1921 pro-

61 1924 149 1954 diere.
177 1924 289 1954 Oleum
309 1924 419 1967 &nigro
433 1928 463 1956 &
483 1924 571 1955 denso
588 1923 764 1968 pellucidum
785 1927 816 1955 &
834 1923 918 1955 instat
937 1926 998 1955 vini
1015 1924 1165 1965 Hispanici
1178 1945 1188 1957 ‚
1201 1924 1300 1954 odoris

64 1976 122 1996 non
139 1969 202 1997 tetri
222 1970 359 2010 apparuit.

102 2013 163 2042 lv.
201 2013 240 2041 Ex
262 2022 319 2053 quo
342 2010 372 2041 id
389 2010 568 2042 manifestum
592 2012 629 2042 est
644 2011 700 2042 olei
715 2010 852 2042 foetorem
867 2021 900 2040 cx
920 2012 1138 2052 Empyrtumate
1153 2007 1209 2037 sive
1225 2017 1297 2054 qua-

64 2051 128 2084 dam
152 2056 225 2097 ignis
242 2052 420 2096 impressione
436 2055 501 2086 duci
521 2068 528 2085 ε
548 2067 613 2086 nam
635 2055 684 2086 ubi
698 2054 760 2084 olea
780 2054 882 2084 stillare
900 2057 1044 2095 occipiunt
1059 2074 1068 2086 2
1088 2051 1211 2081 necdum
1237 2053 1296 2080 ΠΙ)-

64 2106 156 2128 torem
174 2108 342 2129 contraxere
363 2120 372 2134 ,
396 2097 472 2129 suum
495 2110 612 2140 quaeque
637 2099 757 2130 odortm
783 2097 886 2140 plantae
906 2098 1065 2140 genuinum
1088 2094 1201 2137 spirant.
1238 2093 1294 2125 Sed
