1638 2345
207 179 292 207 ΛΝΝ.

209 224 296 260 1687.

324 141 377 170 250
609 127 791 162 REGIAE
833 124 1248 158 SCIENTIARUM

323 184 462 216 portatam
487 171 602 205 mraffet
615 196 623 209 ,
645 171 734 203 multa
756 173 786 201 in
801 181 832 201 ea
847 169 914 202 fecit
934 171 1139 212 experimenta.
1160 179 1187 199 1.
1209 166 1323 199 Globus
1344 167 1452 198 vitreus
1472 167 1552 207 cujus

321 218 459 248 dimeter
477 229 535 248 erar
562 229 571 248 i
585 229 597 257 3
624 214 762 260 pollicum
774 236 783 250 ,
806 213 940 246 exhausto
953 215 1018 244 a'e're
1032 211 1125 243 levior
1143 215 1227 243 uncia
1245 211 1334 242 sacius
1347 210 1395 246 est,
1405 208 1492 253 quam
1505 219 1555 245 ang

323 270 367 291 tca
385 263 448 290 aere
465 260 574 303 plenus.
1047 264 1052 271 ‘
1333 299 1338 304 ·

358 314 384 333 2.
407 305 439 333 In
460 303 521 332 vase
539 304 686 333 exinanito
713 301 869 345 sclopetum
894 299 1041 344 explosum
1062 296 1170 330 nullam
1190 308 1264 341 pene
1283 295 1374 328 emisit
1388 295 1555 332 flammam,

323 357 385 389 qua·
403 351 431 376 iii
455 357 551 388 aperto
576 346 641 376 aiz‘te
665 356 767 388 magna
788 344 853 378 fuit.
1351 385 1356 389 ²
1548 387 1552 391 ,

354 401 376 427 ς.
390 388 573 429 Pimsphorus
602 388 686 420 siccus
699 387 788 425 ,tubo
810 390 903 420 vitreo
921 386 1045 419 inclusus
1058 413 1066 423 ‚
1079 384 1113 416 ad
1137 383 1258 428 globum
1282 381 1452 426 applicatus,
1475 394 1556 432 Omfjl

324 430 386 460 luce
407 431 552 462 destitutus
575 431 727 475 apparebat
748 434 822 462 intci:
845 431 1072 462 exhauriendum
1095 432 1158 460 a'e‘ra
1172 451 1182 464 ‚
1211 438 1269 471 quo
1290 426 1423 458 subeunte
1447 430 1557 470 ingeni-

326 485 381 504 tani
406 473 499 504 luceni
522 474 712 518 recuperaban

358 528 388 553 4.
421 518 581 559 Lachryma
601 521 689 549 vitrea
710 521 740 549 in
761 529 850 549 vacuo
866 516 996 549 diffracta
1016 516 1064 547 est.

352 570 375 599 5.
397 562 543 592 Limatura
560 560 691 604 chalybis
710 573 789 605 aqiiae
815 561 882 592 forti
903 558 1035 603 impolita
1052 570 1118 590 cum
1136 556 1308 589 ebullitione
1327 555 1382 588 fuit
1402 554 1558 592 diffoluta‚·

325 601 374 634 sed
399 615 458 634 non
479 615 510 635 ea
532 607 561 634 vi
581 615 636 646 qua
662 603 731 636 solet
756 607 787 635 in
810 615 907 649 aperto
925 608 1000 635 aere.

364 652 392 679 6.
419 649 565 689 Magnetis
578 649 774 691 experimenta
793 659 852 678 non
872 647 953 679 aliter
973 649 1004 678 in
1023 657 1113 678 vacuo
1133 645 1220 688 quEtm
1244 648 1273 676 in
1290 654 1387 688 aperto
1403 645 1467 674 acre
1485 642 1558 674 fasta

327 688 402 720 sunt.

356 735 394 763 V.
420 733 497 763 Cum
515 732 551 764 dc
564 737 648 765 variis
667 737 725 766 auri
741 731 892 777 genetibus
913 732 1004 764 sermo
1021 732 1181 768 haberetur,
1202 734 1241 763 D.
1268 729 1389 770 Galloys
1409 729 1559 760 admonuit

327 787 426 806 aurum
442 775 583 807 Siamense
601 778 696 808 nostro
715 775 871 808 flexibilius
891 776 944 807 effe
969 788 1001 807 ac
1016 774 1113 807 minus
1130 775 1290 818 disrumpi,
1307 773 1375 804 fides
1389 773 1467 803 clave
1477 784 1559 822 cqu-

327 817 385 849 bali
405 831 438 849 cx
463 831 496 849 eo
509 818 607 850 ductas
624 824 786 864 graviorem
804 820 885 850 edere
903 820 1013 852 sonum.
1035 822 1081 850 Sic
1103 830 1202 850 autum
1219 817 1364 849 Guincnsc
1390 819 1419 847 in
1436 816 1504 847 folia
1519 815 1562 846 (li-

326 860 412 897 duci,
433 873 478 893 aut
500 865 530 893 in
552 862 694 905 perforata
713 864 822 895 lamina
838 862 910 894 illud
935 865 965 893 in
987 864 1104 894 stamina
1125 864 1236 894 tenuari
1253 860 1336 892 facile
1361 859 1439 903 poffc
1463 859 1561 890 docuit

329 905 369 934 Ι).
393 906 440 935 I)e
465 904 491 935 la
519 906 670 948 (Zhapesse.

370 947 429 978 Die
452 956 486 985 23
509 951 548 980 D.
564 948 674 980 Gallois
687 949 833 992 epistolam
847 949 882 980 ad
902 948 928 981 se
941 963 973 981 ex
993 949 1074 981 Italia
1089 949 1200 981 missam
1211 948 1292 991 legit,
1305 950 1335 977 iii
1348 957 1403 988 qua
1420 944 1454 976 dc
1469 944 1563 989 puella

328 1001 390 1032 qiiae
413 992 500 1021 noctu
512 1003 561 1034 pet
579 992 689 1033 aliquot
708 1004 820 1036 tempus
835 991 949 1024 videbat
961 1019 968 1029 ,
988 996 1097 1024 mentio
1117 992 1283 1023 habebatur.

374 1035 435 1064 VI.
466 1036 499 1064 In
520 1034 644 1077 Epistola
668 1046 753 1076 quam
774 1037 820 1068 dic
849 1047 887 1074 27
908 1037 989 1078 Junii
1005 1039 1072 1067 anni
1091 1039 1162 1066 1686
1179 1036 1211 1066 P.
1233 1035 1282 1065 De
1299 1035 1444 1074 fontenay
1467 1033 1564 1062 Siamo

331 1075 405 1106 misit
422 1075 459 1107 ad
484 1078 524 1108 D.
549 1077 636 1108 Dela
650 1078 789 1122 Chapelle
802 1102 811 1115 ‚
835 1081 909 1110 inter
929 1079 982 1110 alia
1001 1078 1107 1122 scripsit
1126 1078 1237 1121 lignum
1254 1075 1400 1119 quoddam
1423 1078 1452 1106 in
1468 1086 1499 1105 ea
1510 1073 1566 1105 effe

332 1123 447 1161 regione
462 1142 471 1154 ‚
497 1120 526 1150 id
545 1132 648 1151 vocant
665 1121 774 1164 lignum
797 1121 830 1151 de
852 1123 950 1158 Solon,
972 1134 1031 1166 quo
1048 1123 1176 1153 sanandis
1199 1120 1325 1152 febribus
1342 1129 1459 1150 utuntur
1480 1140 1490 1153 ,
1512 1129 1566 1148 nce

332 1165 434 1192 cortici
451 1164 611 1194 Peruviano
635 1165 720 1206 hujus
732 1165 803 1205 ligni
818 1168 953 1196 corticem
969 1165 1095 1196 multum
1110 1163 1268 1196 absimilem
1283 1161 1436 1207 judicabat,
1452 1160 1498 1191 lbi
1510 1159 1563 1191 effi:

332 1204 441 1236 malurn
458 1217 574 1236 aureum
594 1219 624 1238 v.
645 1208 678 1236 de
700 1208 833 1244 Soncher,
854 1212 935 1249 cujus
954 1209 1062 1239 fruzftus
1086 1209 1124 1238 est
1146 1206 1274 1249 exquisiti
1286 1208 1414 1247 sapori53
1433 1205 1506 1234 hanc
1520 1215 1567 1235 at-

333 1247 432 1279 borcm
450 1251 479 1278 in
500 1248 594 1280 Gallia
610 1249 668 1280 coli
692 1253 721 1281 &
743 1250 824 1281 educi
848 1251 925 1293 poffe
946 1251 1239 1284 existimabar..Alios
1259 1250 1366 1280 fruetus
1385 1248 1478 1291 palato
1499 1259 1564 1290 gra-

334 1301 378 1320 tos
391 1303 619 1328 commemorat,
633 1292 769 1323 duriones
792 1296 934 1336 imprimis
952 1294 1109 1337 peponibus
1123 1293 1238 1324 similes.
1256 1293 1355 1323 Alium
1369 1291 1494 1322 frustum
1511 1302 1567 1321 me-

335 1344 426 1364 morat
452 1335 535 1365 instat
557 1338 637 1378 pomi
661 1336 817 1367 rotundum
837 1337 1023 1380 Mangoustan
1040 1348 1154 1372 vocant,
1172 1336 1246 1380 pelle
1271 1336 1340 1366 foris
1364 1338 1466 1377 nigra,
1490 1337 1567 1364 intus

335 1376 419 1406 inbra
438 1399 446 1412 ,
471 1377 578 1408 fructus
598 1379 635 1408 est
653 1378 791 1410 candidus
805 1402 815 1415 ‚
841 1378 875 1409 ab
894 1391 954 1411 uvae
975 1380 1070 1423 sapore
1090 1392 1149 1411 non
1176 1380 1292 1411 alienus.
1318 1380 1383 1408 Hos
1407 1377 1516 1407 fructus
1534 1379 1567 1407 &

334 1418 449 1450 arbores
472 1423 501 1450 in
525 1420 628 1461 quibus
645 1421 814 1457 nascuntur,
831 1421 975 1466 descripsit
1006 1425 1037 1454 P.
1061 1426 1134 1454 Bezc
1156 1426 1184 1453 in
1211 1421 1336 1465 Physicis
1350 1425 1381 1453 δι
1403 1422 1569 1452 Mathema-

336 1464 398 1492 tit-is
422 1462 672 1495 observationibus
690 1464 773 1495 editis
795 1465 810 1495 a
835 1466 867 1498 P.
892 1468 986 1496 Gouie
1009 1478 1084 1497 anno
1103 1472 1191 1503 1692.

381 1508 457 1536 Inter
472 1506 603 1548 Phyficas
616 1507 830 1539 observationes
853 1509 885 1538 Ρ.
913 1512 960 1541 De
986 1513 1130 1550 Fontenay
1147 1532 1155 1544 ‚
1178 1509 1226 1540 illa
1254 1508 1396 1552 postremo
1420 1505 1486 1537 loco
1508 1517 1568 1536 non

336 1549 374 1578 cst
389 1549 530 1588 habenda,
547 1561 604 1592 qiia
626 1562 757 1582 notatum
781 1551 833 1582 fuit
858 1555 943 1582 maris
965 1564 1067 1594 aquam
1091 1551 1248 1596 tepescere,
1272 1556 1302 1583 δε
1333 1554 1397 1580 aera
1415 1549 1568 1623 sulphureo

337 1591 428 1621 odore
450 1592 605 1634 perfundi,
627 1605 778 1637 antequam
796 1596 938 1638 typhones
964 1594 1122 1627 formentur
1137 1619 1145 1631 ‚
1168 1595 1239 1626 :idco
1274 1593 1392 1624 densum
1429 1605 1442 1622 e
1468 1605 1482 1623 c
1502 1595 1569 1623 ae'ra

338 1644 367 1663 ui
390 1633 474 1665 stella:
492 1635 570 1666 coelo
588 1637 685 1668 sereno
700 1648 759 1668 non
775 1639 924 1670 videantur
940 1661 950 1674 ,
971 1637 1078 1683 aliaque
1101 1637 1206 1669 subesse
1222 1637 1337 1669 indicia.
1354 1638 1395 1667 Ex
1418 1639 1483 1678 igne
1504 1634 1570 1666 sub-

339 1687 466 1707 icrranco
482 1677 622 1719 ejusmodi
644 1681 819 1724 tempestates
836 1685 950 1713 excitari
974 1683 1040 1721 justa
1059 1683 1178 1726 suspicio
1205 1682 1252 1711 cst.

372 1722 398 1750 V
411 1723 423 1750 1
436 1722 457 1750 1.
471 1723 590 1752 Ineunte
613 1723 668 1752 hoc
689 1735 764 1754 anno
787 1725 827 1757 D.
851 1726 898 1756 De
920 1724 945 1755 la
964 1724 1103 1768 Chapellc
1121 1724 1331 1755 observationes
1347 1721 1362 1751 ὲ
1386 1722 1416 1752 P.
1431 1723 1476 1753 De
1493 1725 1571 1753 Fon-⁴

340 1773 423 1804 renay
447 1767 476 1794 δέ
498 1764 560 1795 aliis
585 1765 637 1796 siiae
662 1767 809 1798 Societatis
830 1767 916 1799 sistas
932 1772 960 1799 in
980 1769 1186 1798 promontorio
1215 1770 1300 1797 Bona:
1316 1766 1381 1808 Spei
1398 1789 1407 1801 ,
1426 1777 1492 1796 cum
1508 1769 1570 1808 epi-

339 1805 409 1836 stola
423 1805 457 1836 ad
480 1807 664 1840 Academiam
688 1811 789 1852 scripta
811 1811 952 1843 exhibuit.
979 1813 1041 1841 Has
1063 1810 1276 1841 observationes
1305 1812 1333 1839 in
1351 1811 1498 1840 itinerario
1519 1810 1569 1840 suo

342 1860 402 1879 tum
427 1848 505 1880 edito
525 1862 626 1893 magna
648 1864 681 1882 cx
704 1865 782 1896 parte
800 1854 930 1898 exposuit
953 1856 984 1886 P.
1004 1853 1159 1886 Taschard.

386 1893 493 1923 viii.
524 1896 580 1925 Dic
606 1906 637 1926 12
662 1897 841 1928 Novembris
861 1899 902 1928 D.
926 1899 974 1928 De
1009 1897 1035 1928 la
1050 1896 1189 1940 Cliapcllc
1212 1895 1281 1926 duas
1301 1895 1407 1926 litteras
1429 1895 1444 1925 :i
1472 1897 1505 1928 P.
1523 1898 1569 1927 Dc

343 1938 487 1976 fontenay
508 1938 595 1968 Sirmi
617 1937 696 1969 datas
712 1943 818 1983 accepit
834 1963 840 1974 ‚
855 1951 919 1971 cum
929 1940 1177 1971 observationibus
1201 1939 1426 1973 Astronomicis,
1442 1950 1511 1982 quas
1533 1939 1566 1970 P.

343 1979 488 2010 Tasthard
506 1980 594 2022 piselo
618 1981 747 2012 mandati
765 1987 884 2014 cui-avit.
916 1986 956 2014 Ex
978 1986 1076 2027 primis
1097 1983 1346 2014 observationibus
1366 1981 1465 2013 eadem
1481 1984 1568 2012 meri-

343 2021 498 2053 dianorum
520 2023 678 2057 differentia
695 2028 800 2056 eruitur
815 2049 823 2061 ‚
848 2038 910 2070 qitae
927 2038 959 2057 cx
985 2028 1124 2069 postrema
1146 2029 1231 2057 Liinae
1254 2025 1347 2069 cclifsi
1368 2024 1482 2056 definita
1503 2023 1566 2054 fue-

345 2077 396 2096 rat.
422 2067 454 2096 In
476 2067 624 2110 posteriori
643 2068 765 2112 Epistola
792 2074 966 2100 mentionem
989 2069 1054 2101 ficit
1073 2070 1292 2105 observator-ii,
1317 2067 1396 2111 quod
1416 2069 1477 2098 Rex
1505 2069 1567 2097 Sia-

345 2109 444 2139 inensis
463 2121 522 2141 tuni
543 2113 680 2143 exstruere
702 2112 846 2155 cogitabat
861 2138 870 2150 ‚
896 2117 926 2145 &
952 2116 1030 2155 cujus
1057 2112 1240 2145 fundamenta
1258 2115 1381 2155 jecerati
1405 2110 1479 2141 illius
1499 2110 1567 2141 OEdi·

346 2150 400 2183 fitii
426 2152 516 2185 sotim
540 2154 591 2187 fuit
613 2155 759 2188 delineata.
