1638 2345
286 125 583 159 ACADEMIAE
621 124 908 157 HISTORIA.
944 125 1034 156 Lrn.
1063 125 1110 158 11.
1248 124 1308 166 ἰμ’

78 171 149 201 tuit.
172 168 258 201 Circa
276 170 400 202 mensem
418 169 620 202 Novembrem
641 180 738 213 marga
759 169 848 213 vulgo
871 168 904 198 de
917 168 944 198 la
956 170 1063 199 Marne
1082 167 1225 210 liquorem
1239 178 1310 211 prae·
1348 159 1425 211 §hy-

80 212 145 244 buit
159 215 208 257 qui
223 224 288 244 cum
309 213 408 256 spiritu
423 213 486 245 salis
507 212 631 243 multum
653 211 785 244 efferbuit
808 226 818 248 ¹,
841 211 920 242 nulla
939 222 1012 242 terra
1034 210 1147 242 acidum
1170 210 1314 254 liquorem
1327 215 1405 236 ”¹¹⁶⁶-

81 254 162 287 dedit
184 281 195 295 ,
226 256 277 288 nifi
298 256 434 289 subrubra
462 256 593 300 quaedam
611 256 627 286 'e
649 254 783 288 Parnasso
808 267 908 286 monte
931 257 1020 298 prope
1044 253 1247 286 Chartufianos
1268 266 1316 284 ex-

81 301 180 331 traeta.
212 300 308 344 Atque
321 301 366 331 hic
390 299 470 332 labor
491 303 608 331 ineunte
630 310 707 330 anno
723 302 797 338 1678
821 298 874 330 fuit
891 302 1084 329 continuatus.
1108 299 1188 329 Nam
1207 297 1320 336 ochrae,

82 344 113 372 δι
139 344 306 375 Haematitis
327 365 337 379 ‚
371 346 401 374 δεῖ
423 354 502 374 terrae
520 342 678 386 pidloribus
694 341 798 374 usitatae
818 354 846 374 v.
864 339 1091 372 Terre-donaba
1111 340 1215 382 analysi
1232 340 1317 375 fasta,

80 395 115 414 ex
136 387 275 428 postrema
291 386 402 430 spiritus
419 389 573 417 acerrimus
599 386 713 417 stillavit
726 407 737 423 ‚
758 388 809 431 qui
829 385 929 417 iisdem
952 385 1025 428 pene
1046 384 1168 416 donatur
1191 383 1320 419 viribus,

80 438 150 469 quas
168 432 198 460 in
215 428 312 472 spirim
341 429 402 460 salis
422 433 592 472 experimur.

128 473 141 501 1
159 475 196 502 V.
236 475 324 503 Anno
341 478 417 512 1676
440 473 488 503 die
505 477 527 503 6
557 474 660 503 Martii
678 482 752 504 terta
767 471 926 503 admodum
945 470 1046 503 fertilis
1062 474 1092 503 in
1116 471 1162 502 sua
1179 472 1321 515 principia

82 513 213 546 exsoluta
231 515 374 559 liquorem
392 515 575 559 sulphureum
596 515 715 559 praebuit
731 541 739 551 ‚
758 517 809 557 qui
826 527 882 546 una
901 526 966 545 cum
988 515 1086 558 spiritu
1107 514 1169 545 salis
1188 525 1320 556 magnam

81 556 324 590 effervescentiam
341 561 501 601 procreavit
516 581 525 594 ‚
549 571 640 601 neque
654 559 728 590 ullus
744 570 777 588 ex
792 570 823 589 ea
845 558 940 602 liquor
954 559 1051 589 acidus
1066 557 1184 601 prodiit.
1208 556 1322 600 Argilla

83 601 230 632 Saviniaca
243 628 250 639 ,
284 614 311 634 v.
326 603 360 632 de
373 604 495 645 Savigny
512 625 521 638 ‚
542 614 575 632 ex
591 613 647 644 qua
660 600 722 632 fieti
739 601 828 632 solent
840 604 902 632 vasa
919 600 1018 632 ficrilia
1031 613 1092 643 qux
1107 604 1202 643 ignem
1227 601 1322 631 ferunt

79 654 179 686 parum
199 645 321 687 liquoris
349 645 423 675 acidi
445 645 524 676 dedit
544 656 602 688 quo
619 644 787 686 heliotropii
807 645 899 676 succus
915 643 1005 675 rubeo
1026 644 1122 675 colore
1141 645 1246 675 timstus
1262 645 1320 675 cst:

81 689 134 727 qui
147 687 290 719 consecuti
311 688 375 719 sunt
398 688 522 730 liquores
539 711 548 723 ‚
573 688 655 731 plane
680 686 828 730 sulphurei
845 698 924 718 erant
944 713 953 724 ,
975 689 1052 730 iique
1076 699 1141 718 cum
1165 686 1265 730 spiritu
1280 688 1322 717 sa-

81 728 116 760 lis
145 729 336 762 efferbuerunt
356 745 364 764 ,-
386 742 539 775 perparum
567 732 631 763 salis
654 741 688 761 ex
714 733 749 761 iis
770 732 927 763 extractum
953 744 960 761 :
986 730 1034 761 {ed
1061 741 1144 774 caput
1174 741 1322 762 mortuum

79 773 228 817 copiosum
244 774 308 807 fuit.

127 816 264 858 Ejusdem
284 829 364 850 terrae
385 817 504 860 analysis
524 817 569 850 die
588 820 604 850 8
623 818 696 861 Julii
710 819 749 849 est
762 820 936 849 continuata.
960 819 1016 848 Sex
1035 815 1114 846 librae
1134 826 1199 846 cum
1212 827 1266 846 una
1282 814 1324 846 ίὲι-

80 857 117 890 lis
138 864 301 892 communis
321 885 331 898 ‚
354 865 402 905 qui
422 861 436 891 ὲ
464 861 606 905 salepetra:
633 863 743 893 extrahi
767 861 837 893 solet
858 884 867 897 ,
890 859 1032 892 distillatae
1056 859 1200 902 liquorem
1239 859 1322 889 instar

81 901 195 945 spiritus
213 902 276 935 salis
299 904 452 937 dederunt.
478 907 511 935 ln
534 904 626 935 fundo
642 904 679 935 sal
700 905 838 941 subsidit,
864 907 913 947 qui
930 906 1070 934 marinum
1087 903 1184 946 sapore
1198 925 1208 937 ,
1225 905 1255 933 δέ
1278 904 1324 933 vi·

80 946 199 978 triolum
217 951 391 991 proprietate
406 948 531 991 quadam
546 948 688 979 referebat
700 962 709 979 -:
728 960 794 979 nam
807 948 914 979 ferrum
926 948 1010 989 cupri
1029 946 1127 977 colore
1143 945 1281 988 tingebat.

128 989 219 1021 Terra
241 991 374 1032 quaedam
399 991 524 1027 viridis,
547 1002 610 1033 qux
635 991 649 1021 ἐ
679 993 835 1022 Germania
857 990 913 1021 huc
936 991 1073 1032 asportari
1089 987 1160 1019 solet
1175 1014 1182 1026 ‚
1199 988 1325 1019 multum

82 1030 148 1062 salis
171 1033 297 1065 volatilis
312 1034 391 1065 dedit
406 1037 436 1065 in
452 1036 552 1078 primis
572 1033 733 1077 liquoribus
753 1034 901 1066 extillatis.
925 1035 988 1073 Qi
1000 1035 1030 1064 in
1043 1034 1135 1076 capite
1154 1042 1270 1063 mortuo
1285 1031 1324 1063 sal

83 1075 247 1118 supererat,
272 1077 400 1119 ejusdem
416 1088 475 1108 erae
499 1077 605 1121 saporis
626 1088 692 1108 cum
713 1077 768 1108 sale
791 1080 915 1108 marino.

132 1122 170 1151 V.
209 1119 256 1151 Sal
274 1131 363 1151 eruca:
385 1119 537 1151 distillatus
555 1131 610 1150 una
633 1131 700 1151 cum
725 1120 808 1163 gleba
835 1120 882 1152 seu
913 1119 982 1151 bolo
1016 1120 1158 1162 liquorem
1183 1130 1244 1150 tum
1268 1117 1326 1149 sul-

83 1161 247 1204 phureum,
273 1166 332 1194 tuin
353 1163 465 1195 acidum
490 1164 576 1194 instar
598 1163 710 1206 spiritus
727 1163 789 1194 lalis
804 1164 894 1195 dedit.
924 1163 1023 1195 Ambo
1046 1165 1076 1194 hi
1092 1162 1218 1204 liquores
1242 1160 1325 1193 simul

84 1207 226 1236 commisti
252 1206 454 1237 efferbuerunt.
493 1209 535 1236 Ex
564 1217 600 1236 eo
623 1205 736 1247 liquore
763 1209 812 1248 qui
833 1209 862 1237 in
883 1209 944 1238 imo
976 1206 1046 1237 vafis
1069 1206 1195 1248 reliquus
1216 1206 1270 1236 fuit
1291 1208 1323 1236 &

84 1248 249 1289 coagulatus
266 1250 390 1280 multum
415 1248 476 1280 salis
497 1249 555 1280 albi
571 1252 728 1280 extraesmm
750 1262 758 1285 ·‚
776 1250 874 1292 liquor
895 1250 956 1293 pest
978 1249 1190 1280 exhalationem
1210 1248 1279 1279 abiit
1294 1252 1324 1279 in

85 1291 230 1332 crystallos
244 1315 253 1328 ,
276 1292 320 1322 scu
341 1295 369 1323 in
387 1291 537 1323 virriolum
556 1292 648 1323 viride
663 1316 672 1328 ,
692 1303 752 1335 quo
766 1292 869 1324 solutio
886 1292 966 1336 gallze
982 1305 1044 1324 atro
1056 1293 1154 1323 colore
1173 1293 1258 1323 tinch
1275 1292 1322 1324 nst.

86 1335 130 1363 Ac
152 1335 266 1365 tandem
286 1335 381 1378 liquor
405 1338 472 1366 exiit
494 1335 592 1366 viridis
613 1339 642 1366 δε
670 1336 746 1366 idem
762 1337 951 1379 asperrimus,
973 1340 1023 1378 qui
1045 1336 1216 1367 solutionem
1241 1334 1322 1377 gal¹ae

85 1376 157 1407 nihil
189 1380 351 1410 immutavit
378 1392 385 1410 ;
420 1379 434 1409 ἐ
459 1378 542 1421 gleba
566 1377 716 1422 separatim
739 1380 866 1411 exiillata
887 1380 998 1410 nullum
1021 1379 1170 1411 vitriolum
1189 1379 1226 1409 cst
1254 1390 1323 1421 pio-

84 1430 222 1452 creatum.

131 1464 178 1494 Sic
201 1465 338 1496 carbones
366 1463 472 1496 foffiles
501 1468 529 1497 ὅ(
553 1463 720 1496 bituminosi
750 1463 876 1506 liquores
900 1465 1066 1509 sulphureos
1094 1464 1323 1509 sufpeditarunss

86 1509 135 1543 qui
161 1518 228 1540 cum
251 1510 349 1551 spiriru
371 1507 434 1539 salis
459 1507 634 1541 ebullierunt
661 1522 667 1539 z
690 1507 789 1539 oleum
814 1521 927 1553 quoque
952 1512 1020 1540 exiit
1043 1509 1174 1552 perrolco
1194 1520 1253 1538 non
1273 1508 1324 1538 ab·

85 1548 187 1581 limile.
1191 1550 1193 1552 Ι

134 1596 216 1626 Vena
241 1593 374 1638 plumbea
395 1597 410 1627 ὲ
430 1595 603 1627 Nivernensi
627 1608 697 1639 agro
718 1594 815 1627 effoffa
830 1606 928 1638 patum
953 1595 1026 1627 acidi
1045 1596 1164 1640 liquoris
1176 1594 1252 1637 quasi
1266 1595 1325 1639 spi-

86 1638 175 1668 ritum
201 1639 315 1669 acidum
337 1637 477 1682 sulphuris
496 1640 638 1670 exhibuit.

130 1683 193 1712 VI.
232 1682 309 1711 Cum
334 1683 486 1723 Chymicis
511 1682 652 1726 plerisque
677 1683 705 1713 id
735 1682 895 1727 persuasum
922 1683 956 1715 fit
980 1683 1188 1725 hydrargyrum
1213 1681 1325 1725 plumbi

86 1722 169 1753 fumo
191 1724 318 1755 indurari
342 1748 352 1760 ,
377 1737 460 1768 arque
477 1748 486 1761 ,
511 1737 541 1756 ut
569 1726 750 1768 loquuntur,
778 1725 859 1758 fixari
878 1749 888 1762 ,
911 1727 983 1759 illud
1005 1727 1096 1770 ipsum
1116 1726 1163 1756 die
1186 1736 1224 1757 ιο
1251 1728 1326 1756 Maii

87 1765 192 1806 placuit
221 1771 351 1810 experiri.
388 1771 459 1799 Fuso
483 1767 604 1812 plumbo
628 1773 657 1800 ἃ
684 1781 755 1812 pene
775 1769 942 1811 refrigerato
959 1793 969 1806 ,
995 1771 1057 1801 duae
1079 1773 1169 1799 unciae
1186 1771 1325 1800 Mercurii

88 1807 164 1839 facio
187 1811 325 1841 foramine
354 1810 449 1842 affusa:
476 1835 485 1847 ,
516 1812 579 1841 fixae
602 1823 799 1856 apparuerunt.
838 1812 895 1844 Sed
928 1813 1038 1858 pondus
1064 1824 1098 1843 ex
1118 1812 1242 1845 dimidio
1268 1811 1325 1843 fere

89 1854 202 1897 auctum
224 1854 261 1883 est
273 1876 282 1889 ‚
306 1854 383 1897 quod
396 1855 549 1898 pluri-bum
569 1866 634 1886 cum
653 1856 832 1898 hydrargyro
844 1855 998 1888 confusum
1016 1856 1118 1891 fuerit,
1138 1859 1168 1886 &
1182 1854 1325 1897 utriusque

86 1897 197 1926 'laetum
211 1895 242 1927 fir
258 1900 414 1939 amalgama
430 1921 438 1933 ‚
460 1911 490 1929 ur
514 1898 672 1941 loquuntur
695 1900 842 1940 Chymici.

130 1943 157 1970 V
170 1941 180 1968 I
193 1942 214 1970 1.
252 1942 329 1970 Inter
352 1941 467 1980 Physica
484 1945 681 1984 experimenta
701 1954 763 1984 qua:
783 1943 837 1972 hoc
855 1943 973 1974 biennio
994 1942 1068 1974 faeta
1089 1942 1151 1973 sunt
1166 1965 1175 1977 ,
1200 1953 1231 1971 ea
1256 1953 1326 1983 pra:-

89 1986 209 2013 teimitti
227 1994 284 2013 non
304 1983 409 2014 debent
428 1997 489 2027 qua:
511 1989 556 2016 die
583 1989 596 2015 8
627 1989 701 2016 Maii
728 1997 803 2016 anno
828 1994 898 2027 1675
918 1987 1054 2018 ustor-ium
1078 1986 1221 2029 speculum
1245 1985 1327 2016 cxlii-

86 2024 162 2056 buit.
187 2029 300 2056 Latetes
325 2030 428 2071 quippe
443 2051 451 2063 ‚
469 2029 541 2059 restat
557 2051 565 2063 ‚
584 2029 696 2060 ardesiae
710 2056 717 2065 ‚
738 2041 860 2073 cuprum
880 2030 959 2062 brevi
980 2033 1117 2073 ten-‚poris
1133 2030 1220 2069 spatio
1236 2030 1264 2056 in
1283 2031 1326 2058 vi-

87 2080 166 2100 trum
187 2069 248 2100 sunt
261 2071 395 2100 conversa
408 2082 472 2101 cum
488 2072 580 2102 multo
596 2071 678 2103 fumo
697 2085 704 2107 ·‚
731 2075 836 2103 virtum
850 2086 964 2118 quoque
985 2073 1077 2104 fusum
1098 2086 1102 2102 z
1122 2071 1168 2100 led
1181 2083 1223 2111 cr)
1233 2070 1326 2101 (lallus

89 2112 187 2143 insulae
204 2112 386 2155 Madagascar
399 2114 480 2144 fundi
495 2126 554 2145 non
569 2119 674 2159 potuit,
690 2115 814 2160 salpetiae
830 2118 921 2149 statim
943 2118 1024 2148 instar
1044 2127 1084 2155 cr)
1095 2114 1165 2145 stalli
1181 2113 1325 2145 mineralis

90 2153 212 2197 liquatus
227 2183 236 2197 ‚
257 2155 303 2188 [td
319 2160 388 2187 ciria
408 2157 564 2189 flammam.
1123 2159 1138 2187 S
1164 2169 1192 2199 ιτ]
