<?xml version="1.0" encoding="UTF-8"?>
<!DOCTYPE html PUBLIC "-//W3C//DTD XHTML 1.0 Transitional//EN"
    "http://www.w3.org/TR/xhtml1/DTD/xhtml1-transitional.dtd">
<html xmlns="http://www.w3.org/1999/xhtml" xml:lang="en" lang="en">
 <head>
  <title>
</title>
<meta http-equiv="Content-Type" content="text/html;charset=utf-8" />
  <meta name='ocr-system' content='tesseract 3.04.00' />
  <meta name='ocr-capabilities' content='ocr_page ocr_carea ocr_par ocr_line ocrx_word'/>
</head>
<body>
  <div class='ocr_page' id='page_1' title='image "./regiscientiaru98duha_0372.png"; bbox 0 0 1638 2345; ppageno 0'>
   <div class='ocr_carea' id='block_1_1' title="bbox 168 68 1524 367">
    <p class='ocr_par' dir='ltr' id='par_1_1' title="bbox 168 68 1524 367">
     <span class='ocr_line' id='line_1_1' title="bbox 864 68 875 78; baseline 0 0"><span class='ocrx_word' id='word_1_1' title='bbox 864 68 875 78; x_wconf 79' lang='grc'><em>.</em></span> 
     </span>
     <span class='ocr_line' id='line_1_2' title="bbox 282 105 1235 151; baseline -0.001 -11"><span class='ocrx_word' id='word_1_2' title='bbox 282 121 341 151; x_wconf 75' lang='lat'>35⁰</span> <span class='ocrx_word' id='word_1_3' title='bbox 607 106 791 138; x_wconf 77' lang='lat' dir='ltr'>REGIAE</span> <span class='ocrx_word' id='word_1_4' title='bbox 835 105 1235 139; x_wconf 71' lang='lat' dir='ltr'>SCIENTIARUM</span> 
     </span>
     <span class='ocr_line' id='line_1_3' title="bbox 170 147 1511 193; baseline 0 -10"><span class='ocrx_word' id='word_1_5' title='bbox 170 161 256 189; x_wconf 59' lang='lat' dir='ltr'>Asu,</span> <span class='ocrx_word' id='word_1_6' title='bbox 280 152 416 184; x_wconf 58' lang='lat' dir='ltr'>initiatio</span> <span class='ocrx_word' id='word_1_7' title='bbox 435 152 506 181; x_wconf 85' lang='lat' dir='ltr'>citra</span> <span class='ocrx_word' id='word_1_8' title='bbox 527 149 652 182; x_wconf 83' lang='lat' dir='ltr'>calorem</span> <span class='ocrx_word' id='word_1_9' title='bbox 670 149 731 181; x_wconf 80' lang='lat' dir='ltr'>ficri</span> <span class='ocrx_word' id='word_1_10' title='bbox 751 161 810 179; x_wconf 93' lang='lat' dir='ltr'>non</span> <span class='ocrx_word' id='word_1_11' title='bbox 826 147 909 193; x_wconf 74' lang='lat' dir='ltr'>poilit</span> <span class='ocrx_word' id='word_1_12' title='bbox 927 171 935 184; x_wconf 90' lang='lat'><strong><em>,</em></strong></span> <span class='ocrx_word' id='word_1_13' title='bbox 963 148 1150 181; x_wconf 73' lang='lat' dir='ltr'>incalescente</span> <span class='ocrx_word' id='word_1_14' title='bbox 1169 151 1329 182; x_wconf 86' lang='lat' dir='ltr'>aurichalco</span> <span class='ocrx_word' id='word_1_15' title='bbox 1354 151 1511 184; x_wconf 70' lang='lat' dir='ltr'>arsenicum</span> 
     </span>
     <span class='ocr_line' id='line_1_4' title="bbox 168 191 1520 243; baseline 0.001 -17"><span class='ocrx_word' id='word_1_16' title='bbox 168 207 251 243; x_wconf 64' lang='lat'>¹695·</span> <span class='ocrx_word' id='word_1_17' title='bbox 280 197 369 240; x_wconf 76' lang='lat' dir='ltr'>specie</span> <span class='ocrx_word' id='word_1_18' title='bbox 387 194 461 225; x_wconf 85' lang='lat' dir='ltr'>fumi</span> <span class='ocrx_word' id='word_1_19' title='bbox 474 193 533 226; x_wconf 84' lang='lat' dir='ltr'>albi</span> <span class='ocrx_word' id='word_1_20' title='bbox 551 204 701 237; x_wconf 83' lang='lat' dir='ltr'>erumpens</span> <span class='ocrx_word' id='word_1_21' title='bbox 719 195 792 224; x_wconf 78' lang='lat' dir='ltr'>inter</span> <span class='ocrx_word' id='word_1_22' title='bbox 821 192 911 236; x_wconf 83' lang='lat' dir='ltr'>ipsum</span> <span class='ocrx_word' id='word_1_23' title='bbox 926 191 1118 224; x_wconf 82' lang='lat' dir='ltr'>aurichalcum</span> <span class='ocrx_word' id='word_1_24' title='bbox 1136 217 1144 229; x_wconf 94' lang='lat'><em>,</em></span> <span class='ocrx_word' id='word_1_25' title='bbox 1166 198 1195 225; x_wconf 86' lang='lat'>&amp;</span> <span class='ocrx_word' id='word_1_26' title='bbox 1218 206 1317 226; x_wconf 86' lang='lat' dir='ltr'>aurum</span> <span class='ocrx_word' id='word_1_27' title='bbox 1333 195 1359 226; x_wconf 86' lang='lat' dir='ltr'>se</span> <span class='ocrx_word' id='word_1_28' title='bbox 1374 194 1496 227; x_wconf 78' lang='lat' dir='ltr'>insinuat</span> <span class='ocrx_word' id='word_1_29' title='bbox 1510 218 1520 231; x_wconf 92' lang='lat'><em>,</em></span> 
     </span>
     <span class='ocr_line' id='line_1_5' title="bbox 281 235 1236 282; baseline 0 -13"><span class='ocrx_word' id='word_1_30' title='bbox 281 240 369 282; x_wconf 79' lang='lat' dir='ltr'>idque</span> <span class='ocrx_word' id='word_1_31' title='bbox 388 237 479 270; x_wconf 83' lang='lat' dir='ltr'>obstat</span> <span class='ocrx_word' id='word_1_32' title='bbox 499 241 654 281; x_wconf 78' lang='lat' dir='ltr'>quominus</span> <span class='ocrx_word' id='word_1_33' title='bbox 678 247 770 268; x_wconf 87' lang='lat' dir='ltr'>unum</span> <span class='ocrx_word' id='word_1_34' title='bbox 794 235 876 268; x_wconf 83' lang='lat' dir='ltr'>alteri</span> <span class='ocrx_word' id='word_1_35' title='bbox 900 240 1030 280; x_wconf 82' lang='lat' dir='ltr'>proxime</span> <span class='ocrx_word' id='word_1_36' title='bbox 1051 236 1236 269; x_wconf 75' lang='lat' dir='ltr'>adhaercscat.</span> 
     </span>
     <span class='ocr_line' id='line_1_6' title="bbox 282 279 1523 325; baseline -0.002 -11"><span class='ocrx_word' id='word_1_37' title='bbox 282 281 476 314; x_wconf 75' lang='lat' dir='ltr'>aurichalcum</span> <span class='ocrx_word' id='word_1_38' title='bbox 501 283 695 324; x_wconf 80' lang='lat' dir='ltr'>Aquis-grani</span> <span class='ocrx_word' id='word_1_39' title='bbox 718 303 728 317; x_wconf 82' lang='grc'>,</span> <span class='ocrx_word' id='word_1_40' title='bbox 758 282 888 311; x_wconf 88' lang='lat' dir='ltr'>immune</span> <span class='ocrx_word' id='word_1_41' title='bbox 910 280 947 311; x_wconf 87' lang='lat' dir='ltr'>est</span> <span class='ocrx_word' id='word_1_42' title='bbox 978 280 1013 312; x_wconf 85' lang='lat' dir='ltr'>ab</span> <span class='ocrx_word' id='word_1_43' title='bbox 1032 279 1158 311; x_wconf 84' lang='lat' dir='ltr'>arsenico</span> <span class='ocrx_word' id='word_1_44' title='bbox 1183 296 1190 312; x_wconf 80' lang='lat' dir='ltr'>z</span> <span class='ocrx_word' id='word_1_45' title='bbox 1211 293 1312 313; x_wconf 78' lang='lat' dir='ltr'>verum</span> <span class='ocrx_word' id='word_1_46' title='bbox 1328 281 1523 325; x_wconf 71' lang='lat' dir='ltr'>hydrargyrus</span> 
     </span>
     <span class='ocr_line' id='line_1_7' title="bbox 283 322 1524 367; baseline -0.002 -9"><span class='ocrx_word' id='word_1_47' title='bbox 283 338 343 358; x_wconf 89' lang='lat' dir='ltr'>non</span> <span class='ocrx_word' id='word_1_48' title='bbox 368 324 451 357; x_wconf 74' lang='lat' dir='ltr'>facile</span> <span class='ocrx_word' id='word_1_49' title='bbox 469 327 534 356; x_wconf 82' lang='lat' dir='ltr'>huic</span> <span class='ocrx_word' id='word_1_50' title='bbox 562 324 699 356; x_wconf 80' lang='lat' dir='ltr'>adhaeret.</span> <span class='ocrx_word' id='word_1_51' title='bbox 735 323 824 357; x_wconf 84' lang='lat' dir='ltr'>Unde</span> <span class='ocrx_word' id='word_1_52' title='bbox 842 322 970 355; x_wconf 77' lang='lat' dir='ltr'>artifices</span> <span class='ocrx_word' id='word_1_53' title='bbox 989 335 1132 366; x_wconf 60' lang='lat' dir='ltr'>coguntur</span> <span class='ocrx_word' id='word_1_54' title='bbox 1155 324 1313 356; x_wconf 64' lang='lat' dir='ltr'>amalo-nna</span> <span class='ocrx_word' id='word_1_55' title='bbox 1337 325 1417 356; x_wconf 68' lang='lat' dir='ltr'>suum</span> <span class='ocrx_word' id='word_1_56' title='bbox 1444 336 1524 367; x_wconf 82' lang='lat' dir='ltr'>aqua:</span> 
     </span>
    </p>
   </div>
   <div class='ocr_carea' id='block_1_2' title="bbox 283 351 1527 412">
    <p class='ocr_par' dir='ltr' id='par_1_2' title="bbox 283 351 1527 412">
     <span class='ocr_line' id='line_1_8' title="bbox 283 351 1527 412; baseline -0.001 -12"><span class='ocrx_word' id='word_1_57' title='bbox 283 369 353 401; x_wconf 84' lang='lat' dir='ltr'>forti</span> <span class='ocrx_word' id='word_1_58' title='bbox 380 373 549 412; x_wconf 79' lang='lat' dir='ltr'>immergere</span> <span class='ocrx_word' id='word_1_59' title='bbox 565 391 574 405; x_wconf 96' lang='lat'>‚</span> <span class='ocrx_word' id='word_1_60' title='bbox 595 379 749 412; x_wconf 81' lang='lat' dir='ltr'>antequam</span> <span class='ocrx_word' id='word_1_61' title='bbox 767 370 848 412; x_wconf 84' lang='lat' dir='ltr'>operi</span> <span class='ocrx_word' id='word_1_62' title='bbox 867 367 940 399; x_wconf 89' lang='lat' dir='ltr'>illud</span> <span class='ocrx_word' id='word_1_63' title='bbox 961 367 1117 399; x_wconf 76' lang='lat' dir='ltr'>adhibeant</span> <span class='ocrx_word' id='word_1_64' title='bbox 1139 382 1145 399; x_wconf 89' lang='lat'>:</span> <span class='ocrx_word' id='word_1_65' title='bbox 1165 351 1259 399; x_wconf 52' lang='lat' dir='ltr'>zinxtb</span> <span class='ocrx_word' id='word_1_66' title='bbox 1280 371 1365 399; x_wconf 82' lang='lat' dir='ltr'>citius</span> <span class='ocrx_word' id='word_1_67' title='bbox 1388 367 1527 399; x_wconf 83' lang='lat' dir='ltr'>dissoluto</span> 
     </span>
    </p>
   </div>
   <div class='ocr_carea' id='block_1_3' title="bbox 284 410 1524 529">
    <p class='ocr_par' dir='ltr' id='par_1_3' title="bbox 284 410 1524 529">
     <span class='ocr_line' id='line_1_9' title="bbox 284 410 1524 456; baseline -0.002 -11"><span class='ocrx_word' id='word_1_68' title='bbox 284 416 440 445; x_wconf 82' lang='lat' dir='ltr'>mercurius</span> <span class='ocrx_word' id='word_1_69' title='bbox 456 424 546 456; x_wconf 85' lang='lat' dir='ltr'>cupro</span> <span class='ocrx_word' id='word_1_70' title='bbox 563 412 681 455; x_wconf 88' lang='lat' dir='ltr'>quidem</span> <span class='ocrx_word' id='word_1_71' title='bbox 705 424 763 443; x_wconf 87' lang='lat' dir='ltr'>una</span> <span class='ocrx_word' id='word_1_72' title='bbox 777 423 844 443; x_wconf 89' lang='lat' dir='ltr'>cum</span> <span class='ocrx_word' id='word_1_73' title='bbox 864 423 932 443; x_wconf 78' lang='lat' dir='ltr'>auro</span> <span class='ocrx_word' id='word_1_74' title='bbox 951 412 1081 443; x_wconf 70' lang='lat' dir='ltr'>inhaeret.</span> <span class='ocrx_word' id='word_1_75' title='bbox 1108 414 1178 453; x_wconf 84' lang='lat' dir='ltr'>Qo</span> <span class='ocrx_word' id='word_1_76' title='bbox 1197 412 1313 456; x_wconf 90' lang='lat' dir='ltr'>quidem</span> <span class='ocrx_word' id='word_1_77' title='bbox 1334 410 1424 443; x_wconf 87' lang='lat' dir='ltr'>modo</span> <span class='ocrx_word' id='word_1_78' title='bbox 1436 423 1524 455; x_wconf 78' lang='lat' dir='ltr'>opera</span> 
     </span>
     <span class='ocr_line' id='line_1_10' title="bbox 285 454 1135 529; baseline 0 -43"><span class='ocrx_word' id='word_1_79' title='bbox 285 456 371 500; x_wconf 80' lang='lat' dir='ltr'>paulo</span> <span class='ocrx_word' id='word_1_80' title='bbox 392 455 510 487; x_wconf 78' lang='lat' dir='ltr'>tudiora</span> <span class='ocrx_word' id='word_1_81' title='bbox 529 458 694 487; x_wconf 83' lang='lat' dir='ltr'>inaurantur</span> <span class='ocrx_word' id='word_1_82' title='bbox 712 479 722 492; x_wconf 95' lang='lat'>‚</span> <span class='ocrx_word' id='word_1_83' title='bbox 747 454 794 486; x_wconf 88' lang='lat' dir='ltr'>sed</span> <span class='ocrx_word' id='word_1_84' title='bbox 815 458 843 486; x_wconf 92' lang='lat' dir='ltr'>in</span> <span class='ocrx_word' id='word_1_85' title='bbox 863 454 997 487; x_wconf 84' lang='lat' dir='ltr'>tenuibus</span> <span class='ocrx_word' id='word_1_86' title='bbox 1020 459 1050 486; x_wconf 66' lang='grc' dir='ltr'>ὅ(</span> <span class='ocrx_word' id='word_1_87' title='bbox 1079 467 1135 529; x_wconf 55' lang='lat' dir='ltr'>cxctl</span> 
     </span>
    </p>
   </div>
   <div class='ocr_carea' id='block_1_4' title="bbox 1259 238 1521 278">
    <p class='ocr_par' dir='ltr' id='par_1_4' title="bbox 1259 238 1521 278">
     <span class='ocr_line' id='line_1_11' title="bbox 1259 238 1521 278; baseline 0.004 -10"><span class='ocrx_word' id='word_1_88' title='bbox 1259 238 1349 278; x_wconf 87' lang='lat' dir='ltr'>Qod</span> <span class='ocrx_word' id='word_1_89' title='bbox 1369 251 1462 270; x_wconf 75' lang='lat' dir='ltr'>autem</span> <span class='ocrx_word' id='word_1_90' title='bbox 1487 238 1521 269; x_wconf 83' lang='lat' dir='ltr'>fit</span> 
     </span>
    </p>
   </div>
   <div class='ocr_carea' id='block_1_5' title="bbox 287 453 1554 1280">
    <p class='ocr_par' dir='ltr' id='par_1_5' title="bbox 287 453 1531 585">
     <span class='ocr_line' id='line_1_12' title="bbox 1135 453 1530 500; baseline -0.008 -13"><span class='ocrx_word' id='word_1_91' title='bbox 1135 455 1221 487; x_wconf 78' lang='lat' dir='ltr'>uilitis</span> <span class='ocrx_word' id='word_1_92' title='bbox 1243 455 1378 500; x_wconf 82' lang='lat' dir='ltr'>operibus</span> <span class='ocrx_word' id='word_1_93' title='bbox 1399 477 1409 491; x_wconf 91' lang='lat'>,</span> <span class='ocrx_word' id='word_1_94' title='bbox 1435 453 1530 497; x_wconf 63' lang='lat' dir='ltr'>cujus-</span> 
     </span>
     <span class='ocr_line' id='line_1_13' title="bbox 287 497 1531 543; baseline -0.003 -11"><span class='ocrx_word' id='word_1_95' title='bbox 287 499 370 532; x_wconf 84' lang='lat' dir='ltr'>modi</span> <span class='ocrx_word' id='word_1_96' title='bbox 392 498 455 531; x_wconf 87' lang='lat' dir='ltr'>sunt</span> <span class='ocrx_word' id='word_1_97' title='bbox 473 497 625 542; x_wconf 84' lang='lat' dir='ltr'>horologia</span> <span class='ocrx_word' id='word_1_98' title='bbox 638 499 783 543; x_wconf 76' lang='lat' dir='ltr'>portatilia</span> <span class='ocrx_word' id='word_1_99' title='bbox 797 524 805 535; x_wconf 78' lang='lat'><em>,</em></span> <span class='ocrx_word' id='word_1_100' title='bbox 823 499 854 530; x_wconf 92' lang='lat' dir='ltr'>id</span> <span class='ocrx_word' id='word_1_101' title='bbox 869 501 965 529; x_wconf 87' lang='lat' dir='ltr'>evcnit</span> <span class='ocrx_word' id='word_1_102' title='bbox 981 510 1011 530; x_wconf 88' lang='lat' dir='ltr'>ut</span> <span class='ocrx_word' id='word_1_103' title='bbox 1029 509 1101 541; x_wconf 77' lang='lat' dir='ltr'>aqua</span> <span class='ocrx_word' id='word_1_104' title='bbox 1131 503 1202 531; x_wconf 86' lang='lat' dir='ltr'>ortis</span> <span class='ocrx_word' id='word_1_105' title='bbox 1218 510 1250 530; x_wconf 88' lang='lat' dir='ltr'>ea</span> <span class='ocrx_word' id='word_1_106' title='bbox 1264 498 1365 530; x_wconf 74' lang='lat' dir='ltr'>exedat</span> <span class='ocrx_word' id='word_1_107' title='bbox 1376 520 1387 534; x_wconf 92' lang='lat'><em>,</em></span> <span class='ocrx_word' id='word_1_108' title='bbox 1409 501 1439 529; x_wconf 88' lang='lat'>&amp;</span> <span class='ocrx_word' id='word_1_109' title='bbox 1454 498 1531 530; x_wconf 86' lang='lat' dir='ltr'>den-</span> 
     </span>
     <span class='ocr_line' id='line_1_14' title="bbox 291 541 797 585; baseline 0 -12"><span class='ocrx_word' id='word_1_110' title='bbox 291 555 330 574; x_wconf 85' lang='lat' dir='ltr'>tes</span> <span class='ocrx_word' id='word_1_111' title='bbox 355 554 483 574; x_wconf 79' lang='lat' dir='ltr'>rotarum</span> <span class='ocrx_word' id='word_1_112' title='bbox 507 541 661 585; x_wconf 68' lang='lat' dir='ltr'>inaequales</span> <span class='ocrx_word' id='word_1_113' title='bbox 682 541 797 574; x_wconf 79' lang='lat' dir='ltr'>efficiar.</span> 
     </span>
    </p>

    <p class='ocr_par' dir='ltr' id='par_1_6' title="bbox 293 583 1542 889">
     <span class='ocr_line' id='line_1_15' title="bbox 341 583 1542 629; baseline -0.003 -11"><span class='ocrx_word' id='word_1_114' title='bbox 341 589 438 628; x_wconf 86' lang='lat' dir='ltr'>Qare</span> <span class='ocrx_word' id='word_1_115' title='bbox 472 588 513 617; x_wconf 93' lang='lat' dir='ltr'>D.</span> <span class='ocrx_word' id='word_1_116' title='bbox 543 586 698 629; x_wconf 81' lang='lat' dir='ltr'>Homberg</span> <span class='ocrx_word' id='word_1_117' title='bbox 719 598 778 617; x_wconf 90' lang='lat' dir='ltr'>non</span> <span class='ocrx_word' id='word_1_118' title='bbox 808 588 846 617; x_wconf 83' lang='lat' dir='ltr'>ita</span> <span class='ocrx_word' id='word_1_119' title='bbox 874 584 986 629; x_wconf 82' lang='lat' dir='ltr'>pridem</span> <span class='ocrx_word' id='word_1_120' title='bbox 1013 596 1134 629; x_wconf 84' lang='lat' dir='ltr'>cuprum</span> <span class='ocrx_word' id='word_1_121' title='bbox 1157 586 1277 617; x_wconf 83' lang='lat' dir='ltr'>rubeum</span> <span class='ocrx_word' id='word_1_122' title='bbox 1316 585 1353 617; x_wconf 82' lang='lat' dir='ltr'>fic</span> <span class='ocrx_word' id='word_1_123' title='bbox 1375 583 1542 628; x_wconf 79' lang='lat' dir='ltr'>parandum-</span> 
     </span>
     <span class='ocr_line' id='line_1_16' title="bbox 293 628 1537 671; baseline -0.002 -11"><span class='ocrx_word' id='word_1_124' title='bbox 293 630 410 666; x_wconf 83' lang='lat' dir='ltr'>docuit,</span> <span class='ocrx_word' id='word_1_125' title='bbox 435 641 465 661; x_wconf 85' lang='lat' dir='ltr'>ut</span> <span class='ocrx_word' id='word_1_126' title='bbox 479 642 513 661; x_wconf 89' lang='lat' dir='ltr'>co</span> <span class='ocrx_word' id='word_1_127' title='bbox 531 634 617 662; x_wconf 88' lang='lat' dir='ltr'>tutius</span> <span class='ocrx_word' id='word_1_128' title='bbox 639 633 681 661; x_wconf 88' lang='lat' dir='ltr'>uti</span> <span class='ocrx_word' id='word_1_129' title='bbox 706 629 788 661; x_wconf 84' lang='lat' dir='ltr'>liceat</span> <span class='ocrx_word' id='word_1_130' title='bbox 812 632 844 661; x_wconf 85' lang='lat' dir='ltr'>in</span> <span class='ocrx_word' id='word_1_131' title='bbox 864 631 898 659; x_wconf 84' lang='lat' dir='ltr'>iis</span> <span class='ocrx_word' id='word_1_132' title='bbox 914 628 1049 671; x_wconf 84' lang='lat' dir='ltr'>operibus</span> <span class='ocrx_word' id='word_1_133' title='bbox 1073 629 1232 660; x_wconf 81' lang='lat' dir='ltr'>delicatulis</span> <span class='ocrx_word' id='word_1_134' title='bbox 1247 630 1421 662; x_wconf 76' lang='lat' dir='ltr'>inaurandis.</span> <span class='ocrx_word' id='word_1_135' title='bbox 1445 628 1537 671; x_wconf 84' lang='lat' dir='ltr'>Cupri</span> 
     </span>
     <span class='ocr_line' id='line_1_17' title="bbox 294 670 1538 716; baseline -0.003 -12"><span class='ocrx_word' id='word_1_136' title='bbox 294 673 373 704; x_wconf 84' lang='lat' dir='ltr'>rubri</span> <span class='ocrx_word' id='word_1_137' title='bbox 399 685 509 716; x_wconf 85' lang='lat' dir='ltr'>partem</span> <span class='ocrx_word' id='word_1_138' title='bbox 529 685 617 704; x_wconf 85' lang='lat' dir='ltr'>unam</span> <span class='ocrx_word' id='word_1_139' title='bbox 637 684 703 704; x_wconf 91' lang='lat' dir='ltr'>cum</span> <span class='ocrx_word' id='word_1_140' title='bbox 725 672 816 704; x_wconf 81' lang='lat' dir='ltr'>tribus</span> <span class='ocrx_word' id='word_1_141' title='bbox 838 675 973 703; x_wconf 87' lang='lat' dir='ltr'>mercurii</span> <span class='ocrx_word' id='word_1_142' title='bbox 996 683 1033 703; x_wconf 90' lang='lat' dir='ltr'>ex</span> <span class='ocrx_word' id='word_1_143' title='bbox 1059 684 1117 704; x_wconf 83' lang='lat' dir='ltr'>arte</span> <span class='ocrx_word' id='word_1_144' title='bbox 1135 673 1233 704; x_wconf 84' lang='lat' dir='ltr'>miscet</span> <span class='ocrx_word' id='word_1_145' title='bbox 1253 685 1262 708; x_wconf 76' lang='lat'>5</span> <span class='ocrx_word' id='word_1_146' title='bbox 1289 674 1344 704; x_wconf 89' lang='lat' dir='ltr'>hoc</span> <span class='ocrx_word' id='word_1_147' title='bbox 1367 670 1538 714; x_wconf 80' lang='lat' dir='ltr'>Amalgama</span> 
     </span>
     <span class='ocr_line' id='line_1_18' title="bbox 296 714 1538 760; baseline -0.002 -14"><span class='ocrx_word' id='word_1_148' title='bbox 296 729 344 760; x_wconf 76' lang='lat' dir='ltr'>per</span> <span class='ocrx_word' id='word_1_149' title='bbox 363 717 431 747; x_wconf 82' lang='lat' dir='ltr'>duas</span> <span class='ocrx_word' id='word_1_150' title='bbox 450 718 533 748; x_wconf 77' lang='lat' dir='ltr'>horas</span> <span class='ocrx_word' id='word_1_151' title='bbox 549 728 616 748; x_wconf 89' lang='lat' dir='ltr'>cum</span> <span class='ocrx_word' id='word_1_152' title='bbox 639 728 712 759; x_wconf 84' lang='lat' dir='ltr'>aqua</span> <span class='ocrx_word' id='word_1_153' title='bbox 732 714 863 747; x_wconf 86' lang='lat' dir='ltr'>fluviatili</span> <span class='ocrx_word' id='word_1_154' title='bbox 878 714 998 746; x_wconf 85' lang='lat' dir='ltr'>ebullire</span> <span class='ocrx_word' id='word_1_155' title='bbox 1020 715 1085 747; x_wconf 81' lang='lat' dir='ltr'>finit</span> <span class='ocrx_word' id='word_1_156' title='bbox 1105 727 1113 750; x_wconf 89' lang='lat'>·,</span> <span class='ocrx_word' id='word_1_157' title='bbox 1136 728 1187 760; x_wconf 88' lang='lat' dir='ltr'>pet</span> <span class='ocrx_word' id='word_1_158' title='bbox 1206 716 1422 748; x_wconf 85' lang='lat' dir='ltr'>distillationem</span> <span class='ocrx_word' id='word_1_159' title='bbox 1443 715 1538 745; x_wconf 86' lang='lat' dir='ltr'>educit</span> 
     </span>
     <span class='ocr_line' id='line_1_19' title="bbox 296 755 1540 803; baseline -0.003 -12"><span class='ocrx_word' id='word_1_160' title='bbox 296 764 470 791; x_wconf 77' lang='lat' dir='ltr'>mercurium</span> <span class='ocrx_word' id='word_1_161' title='bbox 484 786 493 799; x_wconf 84' lang='lat'><em>‚</em></span> <span class='ocrx_word' id='word_1_162' title='bbox 507 764 557 803; x_wconf 90' lang='lat' dir='ltr'>qui</span> <span class='ocrx_word' id='word_1_163' title='bbox 578 759 663 791; x_wconf 90' lang='lat' dir='ltr'>semel</span> <span class='ocrx_word' id='word_1_164' title='bbox 674 759 835 791; x_wconf 82' lang='lat' dir='ltr'>cohobatut</span> <span class='ocrx_word' id='word_1_165' title='bbox 855 770 862 793; x_wconf 79' lang='lat'>3</span> <span class='ocrx_word' id='word_1_166' title='bbox 883 770 1002 802; x_wconf 83' lang='lat' dir='ltr'>cuprum</span> <span class='ocrx_word' id='word_1_167' title='bbox 1019 759 1098 802; x_wconf 88' lang='lat' dir='ltr'>quod</span> <span class='ocrx_word' id='word_1_168' title='bbox 1118 762 1147 790; x_wconf 91' lang='lat' dir='ltr'>in</span> <span class='ocrx_word' id='word_1_169' title='bbox 1161 771 1266 791; x_wconf 78' lang='lat' dir='ltr'>retorta</span> <span class='ocrx_word' id='word_1_170' title='bbox 1279 759 1398 803; x_wconf 85' lang='lat' dir='ltr'>superest</span> <span class='ocrx_word' id='word_1_171' title='bbox 1409 785 1417 798; x_wconf 85' lang='lat'>‚</span> <span class='ocrx_word' id='word_1_172' title='bbox 1431 755 1540 793; x_wconf 87' lang='lat' dir='ltr'>fundit,</span> 
     </span>
     <span class='ocr_line' id='line_1_20' title="bbox 298 800 1541 847; baseline -0.002 -13"><span class='ocrx_word' id='word_1_173' title='bbox 298 805 385 846; x_wconf 88' lang='lat' dir='ltr'>idque</span> <span class='ocrx_word' id='word_1_174' title='bbox 405 815 517 835; x_wconf 78' lang='lat' dir='ltr'>aureum</span> <span class='ocrx_word' id='word_1_175' title='bbox 532 807 563 835; x_wconf 88' lang='lat'>&amp;</span> <span class='ocrx_word' id='word_1_176' title='bbox 577 803 730 847; x_wconf 86' lang='lat' dir='ltr'>pulchrum</span> <span class='ocrx_word' id='word_1_177' title='bbox 751 801 866 834; x_wconf 80' lang='lat' dir='ltr'>exhibet</span> <span class='ocrx_word' id='word_1_178' title='bbox 881 803 1010 834; x_wconf 85' lang='lat' dir='ltr'>colorem</span> <span class='ocrx_word' id='word_1_179' title='bbox 1024 825 1033 839; x_wconf 94' lang='lat'>,</span> <span class='ocrx_word' id='word_1_180' title='bbox 1053 804 1132 846; x_wconf 86' lang='lat' dir='ltr'>quod</span> <span class='ocrx_word' id='word_1_181' title='bbox 1146 806 1235 847; x_wconf 78' lang='lat' dir='ltr'>magis</span> <span class='ocrx_word' id='word_1_182' title='bbox 1252 804 1290 836; x_wconf 89' lang='lat' dir='ltr'>est</span> <span class='ocrx_word' id='word_1_183' title='bbox 1307 801 1413 835; x_wconf 59' lang='lat' dir='ltr'>ductile</span> <span class='ocrx_word' id='word_1_184' title='bbox 1430 823 1440 837; x_wconf 90' lang='lat'><em>‚</em></span> <span class='ocrx_word' id='word_1_185' title='bbox 1454 800 1541 844; x_wconf 60' lang='lat' dir='ltr'>quim</span> 
     </span>
     <span class='ocr_line' id='line_1_21' title="bbox 301 846 656 889; baseline 0 -12"><span class='ocrx_word' id='word_1_186' title='bbox 301 846 497 878; x_wconf 58' lang='lat' dir='ltr'>mrithalcum</span> <span class='ocrx_word' id='word_1_187' title='bbox 528 847 656 889; x_wconf 56' lang='lat' dir='ltr'>vulg-irc.</span> 
     </span>
    </p>

    <p class='ocr_par' dir='ltr' id='par_1_7' title="bbox 303 887 1554 1280">
     <span class='ocr_line' id='line_1_22' title="bbox 345 887 1543 932; baseline 0 -13"><span class='ocrx_word' id='word_1_188' title='bbox 345 893 382 920; x_wconf 91' lang='lat' dir='ltr'>V.</span> <span class='ocrx_word' id='word_1_189' title='bbox 428 890 560 932; x_wconf 79' lang='lat' dir='ltr'>Cuprum</span> <span class='ocrx_word' id='word_1_190' title='bbox 577 889 697 932; x_wconf 86' lang='lat' dir='ltr'>quidem</span> <span class='ocrx_word' id='word_1_191' title='bbox 718 900 783 919; x_wconf 91' lang='lat' dir='ltr'>cum</span> <span class='ocrx_word' id='word_1_192' title='bbox 804 892 900 919; x_wconf 75' lang='lat' dir='ltr'>zinxo</span> <span class='ocrx_word' id='word_1_193' title='bbox 920 887 1072 919; x_wconf 76' lang='lat' dir='ltr'>confusum</span> <span class='ocrx_word' id='word_1_194' title='bbox 1091 889 1221 921; x_wconf 79' lang='lat' dir='ltr'>colorem</span> <span class='ocrx_word' id='word_1_195' title='bbox 1241 890 1320 922; x_wconf 90' lang='lat' dir='ltr'>suum</span> <span class='ocrx_word' id='word_1_196' title='bbox 1342 890 1420 920; x_wconf 83' lang='lat' dir='ltr'>exuit</span> <span class='ocrx_word' id='word_1_197' title='bbox 1444 901 1450 918; x_wconf 92' lang='lat'>:</span> <span class='ocrx_word' id='word_1_198' title='bbox 1475 898 1543 918; x_wconf 84' lang='lat' dir='ltr'>narn</span> 
     </span>
     <span class='ocr_line' id='line_1_23' title="bbox 303 930 1544 975; baseline -0.002 -12"><span class='ocrx_word' id='word_1_199' title='bbox 303 935 430 963; x_wconf 70' lang='lat' dir='ltr'>zinxum</span> <span class='ocrx_word' id='word_1_200' title='bbox 452 932 586 975; x_wconf 81' lang='lat' dir='ltr'>pallidius</span> <span class='ocrx_word' id='word_1_201' title='bbox 608 933 645 962; x_wconf 85' lang='lat' dir='ltr'>est</span> <span class='ocrx_word' id='word_1_202' title='bbox 659 957 667 967; x_wconf 91' lang='lat'><em>,</em></span> <span class='ocrx_word' id='word_1_203' title='bbox 694 935 723 961; x_wconf 86' lang='lat'>&amp;</span> <span class='ocrx_word' id='word_1_204' title='bbox 741 935 870 963; x_wconf 77' lang='lat' dir='ltr'>nativum</span> <span class='ocrx_word' id='word_1_205' title='bbox 891 935 971 975; x_wconf 86' lang='lat' dir='ltr'>cupri</span> <span class='ocrx_word' id='word_1_206' title='bbox 989 932 1118 963; x_wconf 83' lang='lat' dir='ltr'>colorem</span> <span class='ocrx_word' id='word_1_207' title='bbox 1139 932 1223 964; x_wconf 81' lang='lat' dir='ltr'>diluit</span> <span class='ocrx_word' id='word_1_208' title='bbox 1248 947 1255 964; x_wconf 69' lang='grc' dir='ltr'>ς</span> <span class='ocrx_word' id='word_1_209' title='bbox 1279 933 1325 964; x_wconf 86' lang='lat' dir='ltr'>sed</span> <span class='ocrx_word' id='word_1_210' title='bbox 1345 933 1440 963; x_wconf 82' lang='lat' dir='ltr'>mirari</span> <span class='ocrx_word' id='word_1_211' title='bbox 1470 930 1544 961; x_wconf 84' lang='lat' dir='ltr'>subit</span> 
     </span>
     <span class='ocr_line' id='line_1_24' title="bbox 305 973 1548 1018; baseline -0.002 -12"><span class='ocrx_word' id='word_1_212' title='bbox 305 977 478 1006; x_wconf 82' lang='lat' dir='ltr'>mercurium</span> <span class='ocrx_word' id='word_1_213' title='bbox 502 975 574 1006; x_wconf 78' lang='lat' dir='ltr'>adeo</span> <span class='ocrx_word' id='word_1_214' title='bbox 594 973 741 1005; x_wconf 80' lang='lat' dir='ltr'>volatilem</span> <span class='ocrx_word' id='word_1_215' title='bbox 765 986 854 1017; x_wconf 83' lang='lat' dir='ltr'>cupro</span> <span class='ocrx_word' id='word_1_216' title='bbox 883 974 1012 1007; x_wconf 79' lang='lat' dir='ltr'>colorem</span> <span class='ocrx_word' id='word_1_217' title='bbox 1031 978 1120 1018; x_wconf 83' lang='lat' dir='ltr'>magis</span> <span class='ocrx_word' id='word_1_218' title='bbox 1139 975 1264 1007; x_wconf 88' lang='lat' dir='ltr'>dilutum</span> <span class='ocrx_word' id='word_1_219' title='bbox 1287 976 1384 1018; x_wconf 80' lang='lat' dir='ltr'>largiri</span> <span class='ocrx_word' id='word_1_220' title='bbox 1400 997 1408 1010; x_wconf 87' lang='lat'>,</span> <span class='ocrx_word' id='word_1_221' title='bbox 1441 977 1471 1004; x_wconf 71' lang='grc' dir='ltr'>δι</span> <span class='ocrx_word' id='word_1_222' title='bbox 1496 984 1548 1003; x_wconf 87' lang='lat' dir='ltr'>na-</span> 
     </span>
     <span class='ocr_line' id='line_1_25' title="bbox 305 1015 1549 1063; baseline -0.002 -14"><span class='ocrx_word' id='word_1_223' title='bbox 305 1021 371 1050; x_wconf 76' lang='lat' dir='ltr'>tivae</span> <span class='ocrx_word' id='word_1_224' title='bbox 388 1018 441 1048; x_wconf 81' lang='lat' dir='ltr'>suae</span> <span class='ocrx_word' id='word_1_225' title='bbox 463 1017 605 1049; x_wconf 81' lang='lat' dir='ltr'>albedinis</span> <span class='ocrx_word' id='word_1_226' title='bbox 626 1017 777 1059; x_wconf 84' lang='lat' dir='ltr'>vestigium</span> <span class='ocrx_word' id='word_1_227' title='bbox 790 1018 834 1050; x_wconf 90' lang='lat' dir='ltr'>illi</span> <span class='ocrx_word' id='word_1_228' title='bbox 853 1022 1026 1063; x_wconf 86' lang='lat' dir='ltr'>imprimere.</span> <span class='ocrx_word' id='word_1_229' title='bbox 1048 1019 1140 1058; x_wconf 81' lang='lat' dir='ltr'>Quod</span> <span class='ocrx_word' id='word_1_230' title='bbox 1156 1024 1202 1050; x_wconf 87' lang='lat' dir='ltr'>vix</span> <span class='ocrx_word' id='word_1_231' title='bbox 1224 1023 1338 1063; x_wconf 83' lang='lat' dir='ltr'>concipi</span> <span class='ocrx_word' id='word_1_232' title='bbox 1358 1018 1446 1062; x_wconf 85' lang='lat' dir='ltr'>potest</span> <span class='ocrx_word' id='word_1_233' title='bbox 1462 1039 1471 1053; x_wconf 90' lang='lat'>‚</span> <span class='ocrx_word' id='word_1_234' title='bbox 1495 1015 1549 1047; x_wconf 85' lang='lat' dir='ltr'>nisi</span> 
     </span>
     <span class='ocr_line' id='line_1_26' title="bbox 306 1057 1551 1107; baseline -0.003 -15"><span class='ocrx_word' id='word_1_235' title='bbox 306 1061 466 1104; x_wconf 75' lang='lat' dir='ltr'>ainalgama</span> <span class='ocrx_word' id='word_1_236' title='bbox 486 1073 551 1092; x_wconf 88' lang='lat' dir='ltr'>curn</span> <span class='ocrx_word' id='word_1_237' title='bbox 569 1072 657 1106; x_wconf 87' lang='lat' dir='ltr'>cupro</span> <span class='ocrx_word' id='word_1_238' title='bbox 678 1061 793 1093; x_wconf 82' lang='lat' dir='ltr'>mistum</span> <span class='ocrx_word' id='word_1_239' title='bbox 806 1061 942 1106; x_wconf 70' lang='lat' dir='ltr'>quasdam</span> <span class='ocrx_word' id='word_1_240' title='bbox 966 1061 1004 1094; x_wconf 85' lang='lat' dir='ltr'>sui</span> <span class='ocrx_word' id='word_1_241' title='bbox 1019 1073 1111 1105; x_wconf 82' lang='lat' dir='ltr'>partes</span> <span class='ocrx_word' id='word_1_242' title='bbox 1132 1065 1160 1093; x_wconf 91' lang='lat' dir='ltr'>in</span> <span class='ocrx_word' id='word_1_243' title='bbox 1184 1074 1271 1107; x_wconf 85' lang='lat' dir='ltr'>cupro</span> <span class='ocrx_word' id='word_1_244' title='bbox 1291 1063 1446 1105; x_wconf 84' lang='lat' dir='ltr'>implicitas</span> <span class='ocrx_word' id='word_1_245' title='bbox 1463 1057 1551 1090; x_wconf 86' lang='lat' dir='ltr'>relin-</span> 
     </span>
     <span class='ocr_line' id='line_1_27' title="bbox 307 1102 1552 1150; baseline -0.004 -13"><span class='ocrx_word' id='word_1_246' title='bbox 307 1117 384 1149; x_wconf 81' lang='lat' dir='ltr'>quat.</span> <span class='ocrx_word' id='word_1_247' title='bbox 410 1106 491 1136; x_wconf 80' lang='lat' dir='ltr'>Nam</span> <span class='ocrx_word' id='word_1_248' title='bbox 518 1116 595 1150; x_wconf 76' lang='lat' dir='ltr'>parte</span> <span class='ocrx_word' id='word_1_249' title='bbox 618 1104 659 1136; x_wconf 85' lang='lat' dir='ltr'>sui</span> <span class='ocrx_word' id='word_1_250' title='bbox 682 1107 784 1136; x_wconf 58' lang='lat' dir='ltr'>octava</span> <span class='ocrx_word' id='word_1_251' title='bbox 805 1109 946 1137; x_wconf 84' lang='lat' dir='ltr'>minuitur</span> <span class='ocrx_word' id='word_1_252' title='bbox 970 1108 1125 1136; x_wconf 75' lang='lat' dir='ltr'>mercuriu&lt;</span> <span class='ocrx_word' id='word_1_253' title='bbox 1147 1106 1208 1149; x_wconf 87' lang='lat' dir='ltr'>post</span> <span class='ocrx_word' id='word_1_254' title='bbox 1231 1110 1359 1138; x_wconf 76' lang='lat' dir='ltr'>iteratam</span> <span class='ocrx_word' id='word_1_255' title='bbox 1381 1102 1552 1135; x_wconf 85' lang='lat' dir='ltr'>distillatio-</span> 
     </span>
     <span class='ocr_line' id='line_1_28' title="bbox 309 1144 1553 1192; baseline -0.004 -12"><span class='ocrx_word' id='word_1_256' title='bbox 309 1160 378 1180; x_wconf 88' lang='lat' dir='ltr'>nem</span> <span class='ocrx_word' id='word_1_257' title='bbox 394 1172 402 1184; x_wconf 94' lang='lat'>,</span> <span class='ocrx_word' id='word_1_258' title='bbox 429 1148 511 1190; x_wconf 78' lang='lat' dir='ltr'>quod</span> <span class='ocrx_word' id='word_1_259' title='bbox 524 1147 654 1192; x_wconf 79' lang='lat' dir='ltr'>quaedam</span> <span class='ocrx_word' id='word_1_260' title='bbox 672 1153 805 1180; x_wconf 87' lang='lat' dir='ltr'>mercurii</span> <span class='ocrx_word' id='word_1_261' title='bbox 826 1148 991 1192; x_wconf 86' lang='lat' dir='ltr'>corpuscula</span> <span class='ocrx_word' id='word_1_262' title='bbox 1011 1160 1077 1179; x_wconf 90' lang='lat' dir='ltr'>cum</span> <span class='ocrx_word' id='word_1_263' title='bbox 1097 1161 1186 1192; x_wconf 86' lang='lat' dir='ltr'>cupro</span> <span class='ocrx_word' id='word_1_264' title='bbox 1205 1149 1257 1180; x_wconf 86' lang='lat' dir='ltr'>sint</span> <span class='ocrx_word' id='word_1_265' title='bbox 1274 1150 1401 1180; x_wconf 86' lang='lat' dir='ltr'>conserta</span> <span class='ocrx_word' id='word_1_266' title='bbox 1420 1151 1449 1178; x_wconf 84' lang='lat'>&amp;</span> <span class='ocrx_word' id='word_1_267' title='bbox 1466 1144 1553 1176; x_wconf 84' lang='lat' dir='ltr'>colli-</span> 
     </span>
     <span class='ocr_line' id='line_1_29' title="bbox 309 1190 1553 1236; baseline -0.002 -14"><span class='ocrx_word' id='word_1_268' title='bbox 309 1204 384 1236; x_wconf 70' lang='lat' dir='ltr'>gata.</span> <span class='ocrx_word' id='word_1_269' title='bbox 408 1192 496 1224; x_wconf 88' lang='lat' dir='ltr'>Unde</span> <span class='ocrx_word' id='word_1_270' title='bbox 512 1193 572 1236; x_wconf 88' lang='lat' dir='ltr'>post</span> <span class='ocrx_word' id='word_1_271' title='bbox 588 1191 778 1235; x_wconf 86' lang='lat' dir='ltr'>multiplicem</span> <span class='ocrx_word' id='word_1_272' title='bbox 801 1191 941 1224; x_wconf 80' lang='lat' dir='ltr'>fusionem</span> <span class='ocrx_word' id='word_1_273' title='bbox 960 1203 1079 1235; x_wconf 89' lang='lat' dir='ltr'>cuprum</span> <span class='ocrx_word' id='word_1_274' title='bbox 1097 1196 1220 1236; x_wconf 75' lang='lat' dir='ltr'>pristinae</span> <span class='ocrx_word' id='word_1_275' title='bbox 1237 1193 1370 1224; x_wconf 87' lang='lat' dir='ltr'>rubedini</span> <span class='ocrx_word' id='word_1_276' title='bbox 1388 1190 1553 1224; x_wconf 85' lang='lat' dir='ltr'>restituitur,</span> 
     </span>
     <span class='ocr_line' id='line_1_30' title="bbox 312 1235 1554 1280; baseline -0.004 -13"><span class='ocrx_word' id='word_1_277' title='bbox 312 1236 461 1280; x_wconf 49' lang='lat' dir='ltr'>postquam</span> <span class='ocrx_word' id='word_1_278' title='bbox 478 1238 636 1266; x_wconf 88' lang='lat' dir='ltr'>mercurius</span> <span class='ocrx_word' id='word_1_279' title='bbox 654 1238 752 1266; x_wconf 87' lang='lat' dir='ltr'>omnis</span> <span class='ocrx_word' id='word_1_280' title='bbox 772 1235 918 1267; x_wconf 75' lang='lat' dir='ltr'>exhalavit</span> <span class='ocrx_word' id='word_1_281' title='bbox 945 1249 952 1267; x_wconf 75' lang='grc' dir='ltr'><strong><em>ε</em></strong></span> <span class='ocrx_word' id='word_1_282' title='bbox 977 1235 1085 1268; x_wconf 81' lang='lat' dir='ltr'>tametsi</span> <span class='ocrx_word' id='word_1_283' title='bbox 1106 1248 1225 1280; x_wconf 86' lang='lat' dir='ltr'>cuprum</span> <span class='ocrx_word' id='word_1_284' title='bbox 1249 1235 1285 1267; x_wconf 83' lang='lat' dir='ltr'>fic</span> <span class='ocrx_word' id='word_1_285' title='bbox 1307 1239 1467 1267; x_wconf 77' lang='lat' dir='ltr'>inauratum</span> <span class='ocrx_word' id='word_1_286' title='bbox 1492 1242 1554 1264; x_wconf 86' lang='lat' dir='ltr'>non</span> 
     </span>
    </p>
   </div>
   <div class='ocr_carea' id='block_1_6' title="bbox 313 1276 1555 1364">
    <p class='ocr_par' dir='ltr' id='par_1_8' title="bbox 313 1276 1555 1364">
     <span class='ocr_line' id='line_1_31' title="bbox 313 1276 1555 1322; baseline -0.002 -13"><span class='ocrx_word' id='word_1_287' title='bbox 313 1290 432 1322; x_wconf 75' lang='lat' dir='ltr'>nugetur</span> <span class='ocrx_word' id='word_1_288' title='bbox 452 1279 578 1321; x_wconf 86' lang='lat' dir='ltr'>pondere</span> <span class='ocrx_word' id='word_1_289' title='bbox 592 1300 602 1314; x_wconf 84' lang='lat'><em>,</em></span> <span class='ocrx_word' id='word_1_290' title='bbox 624 1277 671 1308; x_wconf 86' lang='lat' dir='ltr'>sed</span> <span class='ocrx_word' id='word_1_291' title='bbox 691 1282 786 1320; x_wconf 85' lang='lat' dir='ltr'>potius</span> <span class='ocrx_word' id='word_1_292' title='bbox 806 1282 943 1310; x_wconf 82' lang='lat' dir='ltr'>minuitur</span> <span class='ocrx_word' id='word_1_293' title='bbox 958 1304 967 1315; x_wconf 87' lang='lat'><em>,</em></span> <span class='ocrx_word' id='word_1_294' title='bbox 986 1279 1066 1321; x_wconf 87' lang='lat' dir='ltr'>quod</span> <span class='ocrx_word' id='word_1_295' title='bbox 1090 1280 1147 1322; x_wconf 75' lang='lat' dir='ltr'>ipsa</span> <span class='ocrx_word' id='word_1_296' title='bbox 1165 1279 1273 1311; x_wconf 84' lang='lat' dir='ltr'>fufione</span> <span class='ocrx_word' id='word_1_297' title='bbox 1299 1282 1329 1311; x_wconf 86' lang='lat'>&amp;</span> <span class='ocrx_word' id='word_1_298' title='bbox 1357 1276 1555 1310; x_wconf 87' lang='lat' dir='ltr'>combustione</span> 
     </span>
     <span class='ocr_line' id='line_1_32' title="bbox 314 1320 823 1364; baseline 0.002 -13"><span class='ocrx_word' id='word_1_299' title='bbox 314 1321 445 1364; x_wconf 66' lang='lat' dir='ltr'>quaedam</span> <span class='ocrx_word' id='word_1_300' title='bbox 468 1324 528 1362; x_wconf 88' lang='lat' dir='ltr'>ejus</span> <span class='ocrx_word' id='word_1_301' title='bbox 550 1331 642 1364; x_wconf 81' lang='lat' dir='ltr'>partes</span> <span class='ocrx_word' id='word_1_302' title='bbox 665 1320 823 1352; x_wconf 80' lang='lat' dir='ltr'>discedant.</span> 
     </span>
    </p>
   </div>
   <div class='ocr_carea' id='block_1_7' title="bbox 319 1359 1560 1494">
    <p class='ocr_par' dir='ltr' id='par_1_9' title="bbox 319 1359 1560 1494">
     <span class='ocr_line' id='line_1_33' title="bbox 360 1359 1558 1406; baseline -0.006 -10"><span class='ocrx_word' id='word_1_303' title='bbox 360 1367 402 1396; x_wconf 89' lang='lat' dir='ltr'>D.</span> <span class='ocrx_word' id='word_1_304' title='bbox 421 1366 524 1394; x_wconf 85' lang='lat' dir='ltr'>Morin</span> <span class='ocrx_word' id='word_1_305' title='bbox 545 1374 665 1406; x_wconf 81' lang='lat' dir='ltr'>cuprum</span> <span class='ocrx_word' id='word_1_306' title='bbox 689 1366 900 1405; x_wconf 75' lang='lat' dir='ltr'>inargentatum</span> <span class='ocrx_word' id='word_1_307' title='bbox 922 1364 1050 1395; x_wconf 83' lang='lat' dir='ltr'>exhibuit</span> <span class='ocrx_word' id='word_1_308' title='bbox 1063 1386 1072 1399; x_wconf 90' lang='lat'><em>,</em></span> <span class='ocrx_word' id='word_1_309' title='bbox 1095 1363 1182 1406; x_wconf 85' lang='lat' dir='ltr'>idque</span> <span class='ocrx_word' id='word_1_310' title='bbox 1198 1376 1257 1395; x_wconf 89' lang='lat' dir='ltr'>non</span> <span class='ocrx_word' id='word_1_311' title='bbox 1276 1366 1371 1396; x_wconf 84' lang='lat' dir='ltr'>minus</span> <span class='ocrx_word' id='word_1_312' title='bbox 1390 1363 1477 1406; x_wconf 80' lang='lat' dir='ltr'>specie</span> <span class='ocrx_word' id='word_1_313' title='bbox 1500 1359 1558 1403; x_wconf 81' lang='lat' dir='ltr'>ipsa</span> 
     </span>
     <span class='ocr_line' id='line_1_34' title="bbox 319 1402 1560 1452; baseline -0.001 -16"><span class='ocrx_word' id='word_1_314' title='bbox 319 1408 470 1452; x_wconf 62' lang='lat' dir='ltr'>pulchrum</span> <span class='ocrx_word' id='word_1_315' title='bbox 483 1429 493 1441; x_wconf 91' lang='lat'><em>,</em></span> <span class='ocrx_word' id='word_1_316' title='bbox 514 1405 601 1450; x_wconf 68' lang='lat' dir='ltr'>quam</span> <span class='ocrx_word' id='word_1_317' title='bbox 616 1404 634 1435; x_wconf 85' lang='lat' dir='ltr'>fi</span> <span class='ocrx_word' id='word_1_318' title='bbox 655 1417 803 1448; x_wconf 88' lang='lat' dir='ltr'>argentum</span> <span class='ocrx_word' id='word_1_319' title='bbox 827 1406 911 1438; x_wconf 88' lang='lat' dir='ltr'>foret.</span> <span class='ocrx_word' id='word_1_320' title='bbox 944 1407 1033 1437; x_wconf 74' lang='lat' dir='ltr'>Aliuci</span> <span class='ocrx_word' id='word_1_321' title='bbox 1053 1417 1166 1450; x_wconf 80' lang='lat' dir='ltr'>quoque</span> <span class='ocrx_word' id='word_1_322' title='bbox 1189 1407 1308 1449; x_wconf 83' lang='lat' dir='ltr'>pretulit</span> <span class='ocrx_word' id='word_1_323' title='bbox 1324 1406 1472 1439; x_wconf 78' lang='lat' dir='ltr'>metallum</span> <span class='ocrx_word' id='word_1_324' title='bbox 1494 1402 1560 1447; x_wconf 51' lang='lat' dir='ltr'>pule</span> 
     </span>
     <span class='ocr_line' id='line_1_35' title="bbox 320 1449 1296 1494; baseline 0 -12"><span class='ocrx_word' id='word_1_325' title='bbox 320 1452 494 1482; x_wconf 75' lang='lat' dir='ltr'>cher-timum</span> <span class='ocrx_word' id='word_1_326' title='bbox 515 1451 620 1493; x_wconf 81' lang='lat' dir='ltr'>partim</span> <span class='ocrx_word' id='word_1_327' title='bbox 641 1449 657 1480; x_wconf 84' lang='grc' dir='ltr'>ὲ</span> <span class='ocrx_word' id='word_1_328' title='bbox 681 1459 770 1493; x_wconf 83' lang='lat' dir='ltr'>cupro</span> <span class='ocrx_word' id='word_1_329' title='bbox 785 1472 795 1487; x_wconf 87' lang='lat'><em>,</em></span> <span class='ocrx_word' id='word_1_330' title='bbox 812 1454 916 1493; x_wconf 83' lang='lat' dir='ltr'>partim</span> <span class='ocrx_word' id='word_1_331' title='bbox 937 1461 971 1481; x_wconf 89' lang='lat' dir='ltr'>cx</span> <span class='ocrx_word' id='word_1_332' title='bbox 991 1460 1110 1494; x_wconf 82' lang='lat' dir='ltr'>argento</span> <span class='ocrx_word' id='word_1_333' title='bbox 1127 1450 1296 1482; x_wconf 87' lang='lat' dir='ltr'>conflatum.</span> 
     </span>
    </p>
   </div>
   <div class='ocr_carea' id='block_1_8' title="bbox 324 1534 1538 1546">
    <p class='ocr_par' dir='ltr' id='par_1_10' title="bbox 324 1534 1538 1546">
     <span class='ocr_line' id='line_1_36' title="bbox 324 1534 1538 1546; baseline 0 799"><span class='ocrx_word' id='word_1_334' title='bbox 324 1534 1538 1546; x_wconf 95' lang='lat' dir='ltr'> </span> 
     </span>
    </p>
   </div>
   <div class='ocr_carea' id='block_1_9' title="bbox 319 1584 1533 1723">
    <p class='ocr_par' dir='ltr' id='par_1_11' title="bbox 319 1584 1533 1723">
     <span class='ocr_line' id='line_1_37' title="bbox 753 1584 1138 1624; baseline 0.005 -5"><span class='ocrx_word' id='word_1_335' title='bbox 753 1584 786 1619; x_wconf 92' lang='lat' dir='ltr'>C</span> <span class='ocrx_word' id='word_1_336' title='bbox 812 1584 845 1619; x_wconf 92' lang='lat' dir='ltr'>A</span> <span class='ocrx_word' id='word_1_337' title='bbox 870 1585 894 1622; x_wconf 94' lang='lat' dir='ltr'><strong>P</strong></span> <span class='ocrx_word' id='word_1_338' title='bbox 914 1587 952 1623; x_wconf 92' lang='lat' dir='ltr'>U</span> <span class='ocrx_word' id='word_1_339' title='bbox 977 1586 1013 1621; x_wconf 90' lang='lat' dir='ltr'>T</span> <span class='ocrx_word' id='word_1_340' title='bbox 1089 1587 1138 1624; x_wconf 89' lang='lat' dir='ltr'>V.</span> 
     </span>
     <span class='ocr_line' id='line_1_38' title="bbox 319 1663 1533 1723; baseline 0.004 -18"><span class='ocrx_word' id='word_1_341' title='bbox 319 1663 321 1667; x_wconf 61' lang='grc'>’</span> <span class='ocrx_word' id='word_1_342' title='bbox 359 1675 410 1705; x_wconf 89' lang='lat' dir='ltr'>De</span> <span class='ocrx_word' id='word_1_343' title='bbox 430 1668 520 1706; x_wconf 78' lang='lat' dir='ltr'>rebus</span> <span class='ocrx_word' id='word_1_344' title='bbox 542 1670 584 1709; x_wconf 71' lang='lat' dir='ltr'>aa</span> <span class='ocrx_word' id='word_1_345' title='bbox 602 1675 781 1710; x_wconf 74' lang='lat' dir='ltr'>Anatomen</span> <span class='ocrx_word' id='word_1_346' title='bbox 792 1696 803 1713; x_wconf 85' lang='lat'><em>,</em></span> <span class='ocrx_word' id='word_1_347' title='bbox 827 1670 865 1711; x_wconf 65' lang='grc' dir='ltr'>ἅ·</span> <span class='ocrx_word' id='word_1_348' title='bbox 883 1670 1050 1719; x_wconf 74' lang='lat' dir='ltr'>Historiam</span> <span class='ocrx_word' id='word_1_349' title='bbox 1071 1670 1272 1707; x_wconf 81' lang='lat' dir='ltr'>Animalium</span> <span class='ocrx_word' id='word_1_350' title='bbox 1284 1671 1533 1723; x_wconf 63' lang='lat' dir='ltr'>pertinentibus?</span> 
     </span>
    </p>
   </div>
   <div class='ocr_carea' id='block_1_10' title="bbox 302 1756 1578 2151">
    <p class='ocr_par' dir='ltr' id='par_1_12' title="bbox 330 1756 1569 1846">
     <span class='ocr_line' id='line_1_39' title="bbox 330 1756 1569 1831; baseline 0.003 -46"><span class='ocrx_word' id='word_1_351' title='bbox 330 1758 353 1786; x_wconf 94' lang='lat'>1.</span> <span class='ocrx_word' id='word_1_352' title='bbox 384 1756 463 1831; x_wconf 89' lang='lat' dir='ltr'>D</span> <span class='ocrx_word' id='word_1_353' title='bbox 478 1760 508 1788; x_wconf 88' lang='lat' dir='ltr'>Ie</span> <span class='ocrx_word' id='word_1_354' title='bbox 527 1771 559 1790; x_wconf 70' lang='grc' dir='ltr'>ιι</span> <span class='ocrx_word' id='word_1_355' title='bbox 585 1760 727 1792; x_wconf 77' lang='lat' dir='ltr'>Februarii</span> <span class='ocrx_word' id='word_1_356' title='bbox 748 1760 957 1801; x_wconf 80' lang='lat' dir='ltr'>D.Varignon</span> <span class='ocrx_word' id='word_1_357' title='bbox 978 1761 1156 1799; x_wconf 63' lang='lat' dir='ltr'>conjecturas</span> <span class='ocrx_word' id='word_1_358' title='bbox 1178 1757 1237 1789; x_wconf 79' lang='lat' dir='ltr'>suas</span> <span class='ocrx_word' id='word_1_359' title='bbox 1259 1758 1295 1789; x_wconf 86' lang='lat' dir='ltr'>dc</span> <span class='ocrx_word' id='word_1_360' title='bbox 1314 1759 1363 1790; x_wconf 87' lang='lat' dir='ltr'>usu</span> <span class='ocrx_word' id='word_1_361' title='bbox 1378 1761 1450 1789; x_wconf 75' lang='lat' dir='ltr'>ac&#39;ris</span> <span class='ocrx_word' id='word_1_362' title='bbox 1472 1762 1500 1789; x_wconf 91' lang='lat' dir='ltr'>in</span> <span class='ocrx_word' id='word_1_363' title='bbox 1520 1757 1569 1792; x_wconf 70' lang='lat' dir='ltr'>di-&#39;,</span> 
     </span>
     <span class='ocr_line' id='line_1_40' title="bbox 476 1800 1569 1846; baseline 0 -15"><span class='ocrx_word' id='word_1_364' title='bbox 476 1802 599 1832; x_wconf 72' lang='lat' dir='ltr'>&#39;restionc</span> <span class='ocrx_word' id='word_1_365' title='bbox 609 1803 814 1834; x_wconf 69' lang='lat' dir='ltr'>alimentorum</span> <span class='ocrx_word' id='word_1_366' title='bbox 832 1800 988 1846; x_wconf 84' lang='lat' dir='ltr'>proposuit.</span> <span class='ocrx_word' id='word_1_367' title='bbox 1013 1804 1085 1834; x_wconf 73' lang='lat' dir='ltr'>Haec</span> <span class='ocrx_word' id='word_1_368' title='bbox 1097 1813 1184 1846; x_wconf 85' lang='lat' dir='ltr'>porro</span> <span class='ocrx_word' id='word_1_369' title='bbox 1203 1805 1262 1843; x_wconf 79' lang='lat' dir='ltr'>ejus</span> <span class='ocrx_word' id='word_1_370' title='bbox 1275 1806 1401 1833; x_wconf 84' lang='lat' dir='ltr'>animum</span> <span class='ocrx_word' id='word_1_371' title='bbox 1422 1801 1506 1832; x_wconf 87' lang='lat' dir='ltr'>subiit</span> <span class='ocrx_word' id='word_1_372' title='bbox 1519 1813 1569 1839; x_wconf 50' lang='lat' dir='ltr'>co-¹</span> 
     </span>
    </p>

    <p class='ocr_par' dir='ltr' id='par_1_13' title="bbox 330 1842 1578 1932">
     <span class='ocr_line' id='line_1_41' title="bbox 330 1842 1571 1886; baseline 0.002 -12"><span class='ocrx_word' id='word_1_373' title='bbox 330 1842 454 1886; x_wconf 57' lang='lat' dir='ltr'>gitatio}</span> <span class='ocrx_word' id='word_1_374' title='bbox 468 1854 503 1873; x_wconf 85' lang='lat' dir='ltr'>an</span> <span class='ocrx_word' id='word_1_375' title='bbox 519 1842 593 1874; x_wconf 86' lang='lat' dir='ltr'>forte</span> <span class='ocrx_word' id='word_1_376' title='bbox 612 1848 658 1885; x_wconf 69' lang='lat' dir='ltr'>qui</span> <span class='ocrx_word' id='word_1_377' title='bbox 674 1843 820 1876; x_wconf 84' lang='lat' dir='ltr'>alimentis</span> <span class='ocrx_word' id='word_1_378' title='bbox 833 1848 996 1876; x_wconf 81' lang='lat' dir='ltr'>continetur</span> <span class='ocrx_word' id='word_1_379' title='bbox 1013 1850 1062 1877; x_wconf 84' lang='lat' dir='ltr'>a&#39;er</span> <span class='ocrx_word' id='word_1_380' title='bbox 1074 1869 1084 1882; x_wconf 92' lang='lat'>,</span> <span class='ocrx_word' id='word_1_381' title='bbox 1103 1845 1204 1876; x_wconf 79' lang='lat' dir='ltr'>caloris</span> <span class='ocrx_word' id='word_1_382' title='bbox 1223 1845 1355 1878; x_wconf 69' lang='lat' dir='ltr'>naturalis</span> <span class='ocrx_word' id='word_1_383' title='bbox 1372 1850 1398 1876; x_wconf 87' lang='lat' dir='ltr'>vi</span> <span class='ocrx_word' id='word_1_384' title='bbox 1414 1845 1449 1876; x_wconf 84' lang='lat' dir='ltr'>fic</span> <span class='ocrx_word' id='word_1_385' title='bbox 1462 1844 1571 1876; x_wconf 64' lang='lat' dir='ltr'>dilate-¹</span> 
     </span>
     <span class='ocr_line' id='line_1_42' title="bbox 332 1886 1578 1932; baseline -0.001 -15"><span class='ocrx_word' id='word_1_386' title='bbox 332 1898 377 1917; x_wconf 87' lang='lat' dir='ltr'>tur</span> <span class='ocrx_word' id='word_1_387' title='bbox 392 1911 400 1924; x_wconf 86' lang='lat'><strong>,</strong></span> <span class='ocrx_word' id='word_1_388' title='bbox 413 1897 442 1916; x_wconf 94' lang='lat' dir='ltr'>ut</span> <span class='ocrx_word' id='word_1_389' title='bbox 455 1888 505 1928; x_wconf 85' lang='lat' dir='ltr'>qui</span> <span class='ocrx_word' id='word_1_390' title='bbox 520 1887 678 1928; x_wconf 81' lang='lat' dir='ltr'>majoribus</span> <span class='ocrx_word' id='word_1_391' title='bbox 699 1889 767 1919; x_wconf 77' lang='lat' dir='ltr'>inest</span> <span class='ocrx_word' id='word_1_392' title='bbox 779 1891 855 1932; x_wconf 85' lang='lat' dir='ltr'>potis</span> <span class='ocrx_word' id='word_1_393' title='bbox 868 1911 878 1924; x_wconf 87' lang='lat'>‚</span> <span class='ocrx_word' id='word_1_394' title='bbox 893 1889 1053 1929; x_wconf 80' lang='lat' dir='ltr'>cujusmodi</span> <span class='ocrx_word' id='word_1_395' title='bbox 1071 1889 1133 1921; x_wconf 89' lang='lat' dir='ltr'>sunt</span> <span class='ocrx_word' id='word_1_396' title='bbox 1152 1886 1292 1919; x_wconf 67' lang='lat' dir='ltr'>[cnfibilcs</span> <span class='ocrx_word' id='word_1_397' title='bbox 1308 1893 1336 1920; x_wconf 85' lang='lat' dir='ltr'>in</span> <span class='ocrx_word' id='word_1_398' title='bbox 1351 1902 1422 1932; x_wconf 85' lang='lat' dir='ltr'>pane</span> <span class='ocrx_word' id='word_1_399' title='bbox 1440 1899 1547 1919; x_wconf 88' lang='lat' dir='ltr'>meatus</span> <span class='ocrx_word' id='word_1_400' title='bbox 1558 1908 1578 1924; x_wconf 76' lang='grc'>,,</span> 
     </span>
    </p>

    <p class='ocr_par' dir='ltr' id='par_1_14' title="bbox 302 1928 1573 2151">
     <span class='ocr_line' id='line_1_43' title="bbox 302 1928 1569 1977; baseline 0.002 -18"><span class='ocrx_word' id='word_1_401' title='bbox 302 1933 306 1937; x_wconf 94' lang='grc'><em>“</em></span> <span class='ocrx_word' id='word_1_402' title='bbox 335 1928 452 1960; x_wconf 76' lang='lat' dir='ltr'>facilem</span> <span class='ocrx_word' id='word_1_403' title='bbox 468 1930 569 1961; x_wconf 84' lang='lat' dir='ltr'>habeat</span> <span class='ocrx_word' id='word_1_404' title='bbox 589 1933 696 1961; x_wconf 88' lang='lat' dir='ltr'>exitum</span> <span class='ocrx_word' id='word_1_405' title='bbox 709 1954 718 1966; x_wconf 87' lang='lat'>,</span> <span class='ocrx_word' id='word_1_406' title='bbox 737 1943 768 1962; x_wconf 79' lang='lat' dir='ltr'>ac</span> <span class='ocrx_word' id='word_1_407' title='bbox 784 1943 891 1963; x_wconf 72' lang='lat' dir='ltr'>meatus</span> <span class='ocrx_word' id='word_1_408' title='bbox 910 1932 976 1964; x_wconf 86' lang='lat' dir='ltr'>illos</span> <span class='ocrx_word' id='word_1_409' title='bbox 990 1937 1060 1964; x_wconf 72' lang='lat' dir='ltr'>cina</span> <span class='ocrx_word' id='word_1_410' title='bbox 1078 1935 1216 1977; x_wconf 85' lang='lat' dir='ltr'>parietum</span> <span class='ocrx_word' id='word_1_411' title='bbox 1236 1931 1444 1976; x_wconf 78' lang='lat' dir='ltr'>disruptionem</span> <span class='ocrx_word' id='word_1_412' title='bbox 1461 1932 1569 1962; x_wconf 83' lang='lat' dir='ltr'>disten-</span> 
     </span>
     <span class='ocr_line' id='line_1_44' title="bbox 335 1972 1573 2018; baseline 0.002 -16"><span class='ocrx_word' id='word_1_413' title='bbox 335 1972 385 2003; x_wconf 78' lang='lat' dir='ltr'>dat</span> <span class='ocrx_word' id='word_1_414' title='bbox 408 1986 415 2004; x_wconf 91' lang='lat'><strong>:</strong></span> <span class='ocrx_word' id='word_1_415' title='bbox 437 1972 483 2003; x_wconf 89' lang='lat' dir='ltr'>sed</span> <span class='ocrx_word' id='word_1_416' title='bbox 504 1976 554 2017; x_wconf 85' lang='lat' dir='ltr'>qui</span> <span class='ocrx_word' id='word_1_417' title='bbox 570 1975 644 2005; x_wconf 86' lang='lat' dir='ltr'>intra.</span> <span class='ocrx_word' id='word_1_418' title='bbox 662 1977 796 2005; x_wconf 80' lang='lat' dir='ltr'>minimas</span> <span class='ocrx_word' id='word_1_419' title='bbox 819 1988 897 2018; x_wconf 60' lang='lat' dir='ltr'>pinis</span> <span class='ocrx_word' id='word_1_420' title='bbox 912 1999 920 2011; x_wconf 94' lang='lat'><strong><em>,</em></strong></span> <span class='ocrx_word' id='word_1_421' title='bbox 942 1989 987 2007; x_wconf 74' lang='lat' dir='ltr'>aut</span> <span class='ocrx_word' id='word_1_422' title='bbox 1010 1977 1065 2007; x_wconf 75' lang='lat' dir='ltr'>cibi</span> <span class='ocrx_word' id='word_1_423' title='bbox 1088 1976 1220 2017; x_wconf 82' lang='lat' dir='ltr'>cujusque</span> <span class='ocrx_word' id='word_1_424' title='bbox 1247 1976 1401 2007; x_wconf 71' lang='lat' dir='ltr'>moleculas</span> <span class='ocrx_word' id='word_1_425' title='bbox 1425 1976 1462 2006; x_wconf 87' lang='lat' dir='ltr'>cst</span> <span class='ocrx_word' id='word_1_426' title='bbox 1483 1978 1573 2005; x_wconf 74' lang='lat' dir='ltr'>inter-v</span> 
     </span>
     <span class='ocr_line' id='line_1_45' title="bbox 339 2014 1571 2062; baseline 0.002 -17"><span class='ocrx_word' id='word_1_427' title='bbox 339 2014 430 2062; x_wconf 67' lang='lat' dir='ltr'>clusus</span> <span class='ocrx_word' id='word_1_428' title='bbox 443 2038 451 2051; x_wconf 90' lang='lat'>‚</span> <span class='ocrx_word' id='word_1_429' title='bbox 471 2015 591 2048; x_wconf 84' lang='lat' dir='ltr'>distendi</span> <span class='ocrx_word' id='word_1_430' title='bbox 604 2029 661 2048; x_wconf 92' lang='lat' dir='ltr'>non</span> <span class='ocrx_word' id='word_1_431' title='bbox 683 2019 793 2057; x_wconf 85' lang='lat' dir='ltr'>potest,</span> <span class='ocrx_word' id='word_1_432' title='bbox 815 2022 884 2061; x_wconf 88' lang='lat' dir='ltr'>quin</span> <span class='ocrx_word' id='word_1_433' title='bbox 902 2023 959 2049; x_wconf 84' lang='lat' dir='ltr'>vim</span> <span class='ocrx_word' id='word_1_434' title='bbox 977 2019 1052 2050; x_wconf 79' lang='lat' dir='ltr'>suam</span> <span class='ocrx_word' id='word_1_435' title='bbox 1066 2030 1158 2050; x_wconf 82' lang='lat' dir='ltr'>exerat</span> <span class='ocrx_word' id='word_1_436' title='bbox 1175 2022 1203 2048; x_wconf 90' lang='lat' dir='ltr'>in</span> <span class='ocrx_word' id='word_1_437' title='bbox 1217 2030 1309 2061; x_wconf 80' lang='lat' dir='ltr'>partes</span> <span class='ocrx_word' id='word_1_438' title='bbox 1323 2019 1490 2050; x_wconf 80' lang='lat' dir='ltr'>cellularum</span> <span class='ocrx_word' id='word_1_439' title='bbox 1503 2041 1510 2052; x_wconf 87' lang='lat'><em>,</em></span> <span class='ocrx_word' id='word_1_440' title='bbox 1524 2027 1571 2047; x_wconf 71' lang='lat' dir='ltr'>auu</span> 
     </span>
     <span class='ocr_line' id='line_1_46' title="bbox 340 2058 1572 2106; baseline 0.001 -19"><span class='ocrx_word' id='word_1_441' title='bbox 340 2058 522 2105; x_wconf 55' lang='lat' dir='ltr'>vinculatum</span> <span class='ocrx_word' id='word_1_442' title='bbox 533 2083 542 2095; x_wconf 92' lang='lat'><em>,</em></span> <span class='ocrx_word' id='word_1_443' title='bbox 556 2071 618 2103; x_wconf 81' lang='lat' dir='ltr'>quae</span> <span class='ocrx_word' id='word_1_444' title='bbox 630 2064 659 2091; x_wconf 95' lang='lat' dir='ltr'>in</span> <span class='ocrx_word' id='word_1_445' title='bbox 676 2061 767 2092; x_wconf 75' lang='lat' dir='ltr'>farina</span> <span class='ocrx_word' id='word_1_446' title='bbox 784 2073 812 2093; x_wconf 91' lang='lat' dir='ltr'>v.</span> <span class='ocrx_word' id='word_1_447' title='bbox 826 2073 867 2104; x_wconf 82' lang='lat' dir='ltr'>gr.</span> <span class='ocrx_word' id='word_1_448' title='bbox 882 2062 966 2092; x_wconf 61' lang='lat' dir='ltr'>molae</span> <span class='ocrx_word' id='word_1_449' title='bbox 982 2065 1108 2094; x_wconf 75' lang='lat' dir='ltr'>attritum</span> <span class='ocrx_word' id='word_1_450' title='bbox 1127 2061 1254 2093; x_wconf 82' lang='lat' dir='ltr'>cludunt.</span> <span class='ocrx_word' id='word_1_451' title='bbox 1279 2065 1340 2094; x_wconf 79' lang='lat' dir='ltr'>Has</span> <span class='ocrx_word' id='word_1_452' title='bbox 1354 2067 1446 2106; x_wconf 75' lang='lat' dir='ltr'>itaque</span> <span class='ocrx_word' id='word_1_453' title='bbox 1458 2060 1572 2091; x_wconf 71' lang='lat' dir='ltr'>cellulas</span> 
     </span>
     <span class='ocr_line' id='line_1_47' title="bbox 341 2101 1573 2151; baseline 0.002 -19"><span class='ocrx_word' id='word_1_454' title='bbox 341 2101 491 2147; x_wconf 72' lang='lat' dir='ltr'>&lt;inrumpit</span> <span class='ocrx_word' id='word_1_455' title='bbox 512 2106 559 2136; x_wconf 69' lang='lat' dir='ltr'>a&#39;er</span> <span class='ocrx_word' id='word_1_456' title='bbox 580 2103 643 2136; x_wconf 82' lang='lat' dir='ltr'>nisu</span> <span class='ocrx_word' id='word_1_457' title='bbox 663 2103 711 2137; x_wconf 79' lang='lat' dir='ltr'>suo</span> <span class='ocrx_word' id='word_1_458' title='bbox 725 2128 734 2143; x_wconf 89' lang='lat'><em>,</em></span> <span class='ocrx_word' id='word_1_459' title='bbox 758 2109 789 2147; x_wconf 57' lang='grc' dir='ltr'>ὃς</span> <span class='ocrx_word' id='word_1_460' title='bbox 813 2108 843 2149; x_wconf 83' lang='lat' dir='ltr'>in</span> <span class='ocrx_word' id='word_1_461' title='bbox 861 2109 1026 2139; x_wconf 80' lang='lat' dir='ltr'>minutiores</span> <span class='ocrx_word' id='word_1_462' title='bbox 1055 2106 1205 2151; x_wconf 71' lang='lat' dir='ltr'>particulas</span> <span class='ocrx_word' id='word_1_463' title='bbox 1233 2103 1338 2150; x_wconf 77' lang='lat' dir='ltr'>frangit</span> <span class='ocrx_word' id='word_1_464' title='bbox 1355 2121 1362 2140; x_wconf 72' lang='grc' dir='ltr'>ς</span> <span class='ocrx_word' id='word_1_465' title='bbox 1381 2117 1441 2151; x_wconf 72' lang='lat' dir='ltr'>qux</span> <span class='ocrx_word' id='word_1_466' title='bbox 1457 2103 1573 2135; x_wconf 62' lang='lat' dir='ltr'>tandem</span> 
     </span>
    </p>
   </div>
  </div>
 </body>
</html>
