1638 2345
205 160 296 192 Am«.

209 209 296 246 ¹⁶95·

323 117 380 155 ,ει
651 115 820 149 REGtAE
868 111 1255 148 εςιεΝτιΑῐωΜ

363 160 427 189 Sint
446 156 533 202 igitur
553 156 615 190 duae
634 160 775 190 columnae
798 168 877 201 aqua:
897 160 924 189 A
948 161 986 194 1²,
1007 158 1033 189 C
1055 161 1074 189 F
1090 170 1099 194 ς
1117 161 1206 189 exitus
1224 168 1303 202 aquae
1329 156 1363 189 fir
1380 159 1409 189 in
1429 159 1477 195 G,
1503 164 1548 191 νί-Ἰ

320 212 363 233 res
392 205 526 234 :notrices
546 203 608 234 sunt
628 203 829 234 columnarum
849 201 997 245 pondera,
1024 212 1072 233 aut
1091 200 1264 245 pteffiones:
1290 203 1460 243 quantitates
1483 213 1550 233 mo-

321 257 400 277 tuum
413 268 424 281 ‚
438 257 510 289 quos
530 244 685 288 prcffiones
711 244 860 284 efficiunt,
888 244 996 276 suntin
1021 249 1130 277 ratione
1151 246 1315 288 quantitatis
1329 256 1407 288 aquae
1425 249 1454 275 in
1477 256 1550 276 tcm-

321 288 440 332 poribus
458 289 612 332 :equalibus
627 287 788 325 effluentis,
813 287 1011 333 multiplicatae
1029 301 1078 333 per
1103 288 1182 320 suam
1202 287 1334 331 cujusque
1355 287 1549 324 velocitatem,

320 333 369 367 seu
386 335 418 366 in
434 335 541 365 ratione
553 332 710 377 compotita.
722 344 757 366 ex
773 343 942 378 unaquaque
955 332 1034 366 mole
1051 344 1129 378 aquae
1153 336 1184 366 &
1200 331 1361 364 celeritatis.
1391 331 1548 376 Qamobq

323 1053 384 1074 rem
402 1041 602 1073 columnarum
629 1044 657 1074 A
679 1046 719 1079 F,
747 1046 779 1076 δε
801 1045 829 1076 C
849 1048 868 1077 F
888 1044 1034 1089 pondera,
1062 1043 1109 1076 seu
1124 1043 1266 1076 columnae
1282 1045 1347 1089 ipsae
1375 1044 1438 1077 sunt
1461 1044 1489 1075 in
1511 1054 1553 1076 ra:

323 1089 400 1117 tione
419 1085 576 1128 composita
596 1090 759 1129 quantitatis
775 1101 911 1132 aquarum
924 1116 932 1127 ,
945 1101 1006 1132 quae
1022 1087 1177 1132 aequalbm
1191 1099 1292 1119 exeunt
1315 1090 1490 1132 temporibus
1502 1100 1554 1132 pet

323 1128 453 1160 foramen
470 1132 497 1160 G
513 1152 523 1166 ,
549 1134 579 1160 ὃ(
607 1130 766 1162 velocitatis
791 1133 956 1163 earumdem
981 1144 1060 1176 aquae
1080 1135 1269 1174 quantitatum
1287 1146 1293 1163 :
1312 1144 1377 1163 cum
1399 1144 1493 1162 auttm
1512 1143 1553 1162 ra-

323 1176 415 1203 tiones
436 1185 644 1216 componentes
659 1174 711 1206 finr
728 1176 848 1217 :equales
865 1199 873 1211 ,
890 1176 1028 1220 siquidem
1046 1179 1216 1220 quan.itatts
1240 1187 1317 1219 aquae
1343 1177 1403 1206 sunt
1420 1180 1490 1206 inter
1515 1175 1555 1211 se,

323 1227 353 1247 ut
377 1215 541 1248 velocitates
554 1239 564 1252 ,
589 1217 694 1259 quibus
711 1218 727 1248 ὲ
740 1218 809 1249 tubo
825 1221 851 1250 A
867 1223 886 1252 F
906 1219 1046 1255 effluunt,
1070 1219 1163 1263 palam
1192 1220 1229 1249 est
1250 1224 1390 1250 rationtm
1409 1217 1554 1260 composi-

323 1270 381 1291 tam
405 1259 466 1290 fore
484 1272 513 1291 ut
536 1261 679 1303 utriusque
705 1261 876 1305 quadrarum
903 1275 911 1297 ·,
942 1275 1010 1306 ergo
1029 1265 1172 1294 columna:
1193 1273 1271 1304 aqua:
1295 1265 1319 1293 A
1347 1266 1363 1293 P
1378 1285 1386 1298 ,
1417 1268 1445 1293 ἃ
1469 1263 1496 1292 C
1515 1265 1555 1297 F,

323 1314 371 1333 aur
395 1302 473 1345 quod
496 1303 599 1333 eodem
614 1304 738 1339 recidit,
758 1303 921 1336 altitudines
939 1309 964 1336 A
986 1308 1026 1341 E,
1043 1310 1071 1337 &
1094 1307 1121 1336 C
1143 1308 1163 1335 F.
1179 1331 1187 1343 ‚
1208 1317 1290 1336 crunt
1314 1310 1385 1336 inter
1409 1306 1432 1334 sc
1447 1317 1477 1335 ut
1490 1316 1556 1348 qua-

323 1344 403 1376 drata
424 1356 470 1376 aut
489 1345 596 1380 molis,
621 1358 667 1377 aut
684 1346 857 1379 celeritatis:
881 1360 912 1378 ac
931 1360 1097 1391 propterca,
1118 1348 1162 1378 vel
1186 1348 1276 1378 moles
1299 1360 1377 1390 aqua:
1400 1370 1408 1382 ,
1437 1347 1483 1377 vel
1504 1358 1556 1378 ve-

322 1386 454 1419 locitates
467 1414 476 1424 ,
495 1399 542 1419 aur
561 1389 657 1430 potius
675 1401 799 1433 urraeque
817 1402 879 1421 eam
895 1394 967 1422 inter
986 1392 1011 1423 se
1033 1391 1175 1422 habebunt
1192 1394 1332 1422 rationem
1344 1418 1352 1429 ,
1367 1391 1453 1431 quam
1475 1390 1557 1421 tadi-

323 1441 368 1461 ces
391 1432 418 1461 A
444 1432 483 1466 E,
505 1434 534 1462 &
560 1432 587 1462 C
611 1434 633 1463 E
649 1431 805 1475 superficiei
826 1446 903 1478 aqua:
925 1436 1004 1479 supra
1029 1435 1178 1469 foramen,
1193 1446 1241 1477 per
1263 1436 1342 1476 quod
1360 1446 1431 1476 aqua
1451 1432 1555 1465 effluit.

359 1478 387 1506 V
402 1476 475 1505 111.
501 1475 603 1505 Mense
625 1476 707 1518 Julio
724 1476 831 1508 lineam
846 1489 962 1510 curvam
974 1479 1095 1510 ostendit
1111 1504 1119 1514 ‚
1133 1489 1218 1520 quam
1233 1477 1365 1509 describit
1383 1487 1558 1520 corpusgra-

322 1531 358 1551 ve
373 1517 546 1549 descendens
559 1530 641 1550 moru
653 1519 786 1562 aequabili
799 1523 908 1553 ratione
925 1523 1021 1554 habita
1041 1523 1200 1553 horizontis
1211 1543 1221 1557 ‚
1235 1521 1269 1551 ad
1285 1534 1370 1565 quem
1385 1523 1471 1562 :cquis
1486 1531 1557 1559 tem-¹

324 1562 441 1607 poribus
462 1561 607 1605 aequalitcr
623 1564 742 1598 accedit.

726 1711 972 1752 CAPUT
1023 1714 1161 1753 VlII.

698 1805 745 1835 De
766 1799 867 1836 Rebus
888 1800 1142 1849 astronomicis.

326 1884 419 1961 LE
437 1884 551 1914 Xcunte
567 1895 642 1915 anno
656 1885 792 1928 superiori
819 1887 861 1918 D.
877 1886 1004 1918 Mai-aldi
1025 1886 1160 1930 scriptum
1185 1884 1254 1928 legit
1275 1886 1311 1917 de
1331 1885 1451 1916 fixarum
1469 1883 1556 1928 appi-

381 1967 386 1971 *
434 1930 506 1958 remi
526 1928 741 1970 magnitudine,
766 1941 828 1972 quae
845 1929 961 1962 diversis
978 1930 1155 1975 temporibus
1181 1932 1286 1962 mutari
1316 1930 1374 1961 visa
1392 1929 1451 1959 estz
1472 1930 1554 1970 hujus

326 1967 526 2001 disscttationis
546 1971 605 2002 haec
619 1971 657 2001 est
680 1971 798 2003 summa.

358 2012 463 2043 Pia-ter
478 2025 523 2044 eas
542 2025 603 2056 quae
620 2014 635 2045 ὲ
651 2015 856 2046 recentioribus
873 2017 1053 2049 Astronomis
1075 2016 1135 2048 sunt
1156 2016 1311 2049 observarae
1335 2015 1454 2058 insignes
1476 2012 1553 2045 stella

328 2066 391 2086 rum
414 2060 583 2088 mutationes
594 2083 603 2094 ,
620 2057 722 2102 quibus
740 2062 779 2090 ita
795 2071 933 2102 augentur
946 2083 956 2096 ,
977 2072 1023 2092 aut
1046 2063 1213 2091 minuuntur
1229 2082 1237 2097 ‚
1253 2072 1283 2091 ut
1310 2059 1387 2090 viius
1402 2062 1489 2089 aciem
1503 2069 1554 2101 pe-

329 2099 404 2130 nitus
421 2100 528 2143 fugiant
545 2123 555 2139 ,
581 2104 592 2141 (
605 2108 683 2145 cujus
693 2105 802 2145 generis
817 2105 880 2136 lunt
897 2103 976 2136 stella
987 2107 1017 2137 in
1031 2102 1109 2146 collo
1121 2105 1190 2138 Ceti
1203 2129 1213 2146 ‚
1239 2107 1270 2137 &
1287 2103 1350 2136 dua:
1363 2105 1393 2135 in
1405 2102 1521 2144 Cygno,
1537 2103 1548 2140 )
