1638 2345
176 172 264 200 ΑΝΝ.

179 219 262 249 1669.

287 137 330 166 70
607 120 779 153 REGIAE
825 118 1209 151 SCIENTlARUM

288 169 360 199 adeo
375 165 469 198 radios
486 164 604 196 luminis
622 177 671 210 pet
695 176 758 195 earn
779 163 815 195 ad
837 162 1009 195 choto'i'dem
1028 162 1132 194 deduci
1152 160 1251 206 polse;
1268 172 1334 193 narn
1345 160 1422 193 oculi
1433 161 1519 196 bov‘u

288 213 409 243 recentis
431 208 577 240 sclerotica
595 208 702 240 sublata
727 208 824 239 lumen
842 218 901 238 non
947 216 1053 239 enetrat
1077 207 1209 237 retinam.
1244 207 1321 248 Ergo
1346 205 1407 237 haec
1426 208 1521 237 tunic:⁷

287 254 401 286 videtur
411 255 504 298 potius
524 251 640 283 vifionis
649 262 808 295 organum,
831 262 890 282 non
910 219 1077 282 clioro‘ides.

334 297 369 328 ld
388 295 560 340 consequens
577 295 631 326 effe
651 294 770 337 negabat
789 296 830 325 D.
848 295 984 325 Matiotre
1001 305 1066 324 curn
1083 303 1220 334 magnum
1236 289 1268 322 sit
1284 289 1435 322 discrimen
1451 294 1522 322 inter

291 340 420 373 animalis
433 342 539 370 mortui
560 342 678 370 retinam
694 341 754 369 aeri
771 335 925 382 expolitam
944 340 974 368 ὀί
994 348 1056 367 eam
1077 346 1139 378 quae
1160 338 1190 365 in
1205 337 1274 365 vivo
1292 337 1434 365 animante
1450 337 1524 364 iuret

291 388 414 415 vitreum
434 383 589 413 humorem
617 386 647 414 &
669 381 843 413 choro'i'dem
870 380 998 411 accurare
1021 378 1211 410 concluditur.
1253 379 1362 409 Rerum
1378 375 1528 420 qualimtes

291 427 376 472 paulo
399 436 551 457 momento
569 428 716 456 immutari
735 423 826 456 aiebat
841 446 852 460 ‚
869 435 1002 455 corneam
1023 426 1147 454 tunicam
1162 432 1225 464 quae
1247 420 1390 466 pellucet,
1414 423 1442 451 in
1461 422 1527 450 a'e're

294 469 387 501 calido
402 468 484 501 brevi
506 480 635 512 tempore
654 480 772 513 opacam
793 466 868 499 fieri.
901 469 984 509 Qin
999 469 1083 497 etiam
1099 468 1129 497 in
1153 464 1238 495 oculo
1261 464 1343 495 bovis
1365 463 1457 494 adhuc
1481 473 1529 493 ca-

296 513 372 545 lente
394 515 424 544 &
445 516 474 543 in
492 512 560 543 duas
582 522 671 549 partes
699 512 798 546 secto,
824 511 896 541 adeo
916 520 945 540 ut
965 512 1053 540 retina
1069 511 1190 539 vitreum
1208 508 1361 540 humorem
1376 506 1468 537 adhuc
1485 509 1529 535 in-

297 555 420 595 voluat,
439 566 502 586 tum
522 557 594 585 varii
615 554 727 586 colores
743 552 893 585 choro'i'dis
911 575 921 588 ‚
948 550 1019 583 bafis
1038 550 1136 582 itidem
1161 553 1241 582 nervi
1262 554 1352 595 optici
1377 572 1385 585 ‚
1411 549 1474 580 vasa
1496 559 1532 579 ex

300 610 336 630 co
354 603 384 630 in
404 601 526 630 retinam
539 596 627 641 sparsa
641 620 651 634 ,
669 596 705 630 fic
726 601 757 629 in
775 596 958 641 conspectum
972 597 1090 626 veniunt
1105 618 1115 632 ,
1138 606 1169 626 ut
1188 593 1344 626 retifonnis
1367 595 1462 624 tunica
1482 594 1533 624 vix

301 641 424 673 discerni
448 652 546 684 queat.

349 685 415 716 Nec
431 695 577 729 propterea
594 695 689 716 tamen
709 693 828 714 omnem
848 681 1012 714 albedinem
1025 685 1121 713 retinae
1138 679 1293 712 denatum
1311 678 1424 710 volebat
1436 700 1446 715 ‚
1462 690 1534 722 prae·

303 727 400 759 sertim
420 731 449 758 in
469 739 501 758 ea
518 738 596 771 parte
613 739 669 771 qua
683 729 773 769 tangit
787 725 959 757 choro'i'dem
981 739 989 761 ς
1011 725 1096 767 idque
1116 724 1132 754 ὲ
1155 735 1253 755 natura
1271 723 1415 767 provisum
1431 722 1538 757 aiebat,

304 782 334 803 ut
355 774 477 803 nimium
495 773 649 813 vegetioris
671 768 787 801 luminis
807 768 987 814 splendorem
1009 779 1146 811 temperet
1159 790 1168 802 ‚
1192 765 1439 810 quemadmodum
1465 769 1539 797 cutis

305 814 484 858 epidermide
498 813 650 845 obducitur
663 835 673 848 ‚
694 824 729 843 ne
745 812 860 844 laedatur
881 812 897 842 ὲ
912 811 1080 856 corporibus
1099 822 1162 854 qua:
1179 814 1278 853 tangit.

349 859 361 888 1
375 858 421 888 11.
455 859 535 898 Quin
551 860 581 887 &
596 859 668 888 ratio
681 855 697 885 ὲ
720 857 760 886 Ι).
780 857 904 899 Pecquet
922 854 1063 899 proposita
1079 857 1207 898 perparvi
1220 853 1273 884 effe
1288 854 1431 885 momenti
1444 851 1540 883 cidem

307 899 457 932 videbatur
470 923 479 935 ‚
503 911 568 931 cum
588 899 747 931 subtiliores
766 910 856 944 partes
881 901 909 929 in
931 902 1019 929 retina
1035 902 1141 929 mortui
1161 897 1289 928 animalis
1312 895 1450 931 difflatce,
1468 907 1538 938 opa-

308 946 422 974 citatem
442 943 584 985 quandam
603 942 738 973 inducant
760 965 769 978 ‚
800 941 860 974 fere
876 953 906 973 ur
924 941 1019 972 charta
1043 940 1160 971 madens
1182 940 1302 984 pellucet
1324 962 1332 974 ,
1353 938 1487 969 exsiccata
1507 936 1540 968 fit

309 997 327 1016 o
349 989 436 1017 acior.
472 988 519 1017 Sic
549 989 581 1017 in
607 984 703 1016 multis
731 985 920 1016 animantibus
953 987 982 1014 in
1019 984 1114 1015 medio
1141 982 1294 1023 crystallini
1325 983 1453 1012 humoris
1486 992 1542 1011 nu-

311 999 386 1059 cfeus
411 1029 527 1071 quidam
547 1029 586 1059 est
615 1027 776 1072 pellucidus
800 1032 849 1070 qui
874 1030 945 1058 intra
969 1038 1072 1071 paucos
1099 1026 1158 1057 dies
1193 1026 1272 1056 albus
1297 1024 1329 1055 fit
1358 1028 1388 1055 &
1413 1035 1541 1068 opacus,

314 1075 401 1103 etiam
429 1076 503 1103 intra
524 1070 643 1102 oculum
669 1070 818 1102 conclusus
843 1093 854 1107 ,
881 1082 946 1100 cum
976 1081 1070 1100 tamen
1102 1071 1225 1100 exterior
1250 1066 1425 1110 crystallinus
1449 1068 1542 1098 adhuc

313 1113 463 1158 pelluccat.

364 1160 377 1187 1
390 1161 429 1189 V.
465 1159 507 1188 At
524 1160 601 1188 enim
624 1160 714 1188 retina
736 1167 814 1199 aquae
836 1155 966 1186 immersa
983 1155 1146 1186 albedinem
1167 1155 1241 1186 suam
1262 1157 1293 1184 &
1308 1157 1478 1197 opacitatem
1491 1165 1545 1184 na-

315 1204 403 1231 tivam
443 1201 518 1232 rodit
543 1213 550 1231 ;
574 1202 617 1231 Ita
641 1201 679 1231 est
702 1223 712 1236 ,
743 1199 789 1230 scd
812 1202 895 1230 vitrei
915 1199 1042 1229 humoris
1062 1210 1136 1242 parte
1162 1201 1192 1229 in
1214 1196 1277 1228 vase
1297 1197 1427 1228 immersa
1451 1199 1545 1228 tunica

317 1214 468 1283 hyaloiges
481 1255 543 1286 quae
558 1246 678 1274 omnino
699 1243 737 1273 est
756 1242 898 1286 dinphana
914 1241 998 1272 instar
1022 1242 1084 1272 tela:
1099 1253 1204 1272 araneae
1221 1263 1229 1275 ‚
1253 1239 1314 1272 alba
1337 1252 1450 1285 quoque
1464 1241 1547 1271 vide-

317 1286 404 1318 bitur.
443 1289 524 1327 Qin
553 1289 583 1317 &
604 1285 780 1327 crystallinus
800 1289 829 1316 in
857 1297 927 1328 aqua
956 1288 1125 1327 opacitatem
1146 1283 1288 1328 quandam
1315 1285 1457 1314 contrahit
1477 1305 1487 1318 ‚
1515 1286 1547 1314 &

318 1330 483 1372 congelatus
500 1329 583 1360 instar
596 1332 669 1360 nivis
683 1329 821 1360 candicat.
853 1331 925 1360 Non
941 1331 1044 1358 mirum
1057 1331 1142 1369 igitur
1161 1326 1182 1358 fi
1196 1329 1284 1358 retina
1302 1338 1366 1358 ante
1383 1329 1441 1357 a'e'ri
1459 1337 1548 1370 expo-

320 1370 367 1403 sita
391 1376 421 1404 &
437 1385 515 1415 aqua:
532 1371 662 1404 immersa
678 1371 811 1402 nonnihil
831 1371 970 1401 albedinis
990 1383 1046 1414 prm
1068 1371 1093 1401 se
1111 1369 1189 1402 ferat.

365 1419 404 1447 V.
452 1415 655 1458 Qamobrem
689 1426 719 1446 ut
748 1415 855 1457 liquere
880 1412 964 1457 possit
993 1426 1028 1443 an
1051 1414 1120 1444 radii
1144 1414 1259 1445 luminis
1287 1410 1359 1456 pent}
1383 1415 1486 1455 integri
1514 1412 1552 1445 ad>

320 1458 494 1490 choto'idem
515 1462 682 1503 perveniant
702 1484 711 1494 ,
735 1469 770 1488 an
799 1461 894 1501 potius
922 1461 950 1487 in
977 1460 1064 1487 setim
1092 1456 1151 1499 iplssz
1173 1456 1299 1488 sistantur
1316 1479 1324 1491 ,
1351 1467 1467 1498 utraque
1489 1466 1550 1486 tum

321 1501 494 1538 choro'itles,
516 1514 575 1533 tum
597 1505 685 1533 retina
708 1504 737 1531 iu
760 1501 829 1531 statu
849 1499 898 1530 suo
923 1500 1042 1531 naturali
1058 1499 1205 1543 spectanda
1226 1501 1275 1530 cst.
1299 1501 1476 1543 Experientia
1494 1498 1552 1541 ipsa

323 1547 445 1575 retinam
465 1544 600 1576 tralucere
625 1546 833 1587 comperiemus
846 1567 854 1580 ,
875 1542 895 1574 fi
916 1543 1030 1574 candela
1050 1543 1164 1573 accensa
1181 1543 1216 1574 de
1236 1545 1320 1573 nocte
1343 1554 1430 1585 prope
1453 1541 1553 1572 oculos

323 1586 480 1618 collocetur
493 1611 502 1624 ‚
530 1588 614 1629 idque
636 1588 770 1619 faciamus
794 1598 824 1617 ut
842 1590 920 1617 canis
938 1587 1006 1617 oCto
1026 1597 1072 1617 aut
1091 1586 1191 1617 dacem
1215 1584 1337 1629 passibus
1358 1595 1481 1616 remotus
1501 1596 1553 1615 nos

325 1629 440 1672 aspiciat
465 1653 474 1665 ,
496 1641 556 1661 tum
574 1633 650 1660 enim
670 1629 767 1661 lumen
786 1633 814 1660 in
841 1629 916 1660 illius
935 1629 1025 1660 oculis
1045 1628 1225 1672 splendidum
1242 1629 1412 1660 intuebimur
1433 1628 1447 1657 ὲ
1469 1627 1558 1658 radus

326 1671 438 1703 reflexis
457 1673 472 1703 :i
493 1672 632 1703 choro‘ide
652 1676 727 1703 canis
750 1672 872 1704 multum
886 1672 1006 1703 candida
1027 1676 1056 1703 δι
1084 1671 1239 1715 splendida.
1271 1672 1350 1702 Nam
1369 1669 1387 1701 si
1409 1671 1423 1700 εὶ
1440 1682 1483 1710 ετ)
1492 1669 1555 1700 sta!-

326 1714 388 1745 lino
409 1737 418 1750 ‚
437 1727 483 1746 aut
501 1719 589 1746 retina
612 1717 739 1759 prodiret
761 1727 893 1759 vegetum
917 1715 989 1746 illud
1004 1715 1097 1745 lumen
1112 1738 1120 1750 ‚
1142 1715 1221 1746 idem
1243 1717 1369 1745 eveniret
1391 1715 1418 1743 iu
1437 1714 1556 1743 homine

329 1762 360 1789 δε
377 1758 475 1789 avibus
488 1781 497 1794 ‚
516 1760 619 1802 quibus
648 1759 802 1790 choro'x’dcs
823 1771 880 1790 atra
907 1759 944 1789 est
966 1773 972 1790 ε
999 1758 1044 1789 sed
1061 1769 1119 1788 non
1138 1759 1174 1788 tst
1195 1761 1242 1789 ita.
1271 1758 1302 1788 td
1320 1769 1386 1787 vero
1404 1759 1440 1787 ita
1462 1759 1557 1786 evenit

328 1805 357 1831 in
381 1813 449 1832 cane
475 1802 553 1845 quod
577 1802 646 1833 radii
671 1802 786 1833 luminis
808 1813 857 1844 pet
877 1801 1070 1843 crystallinum
1093 1804 1201 1841 trajecti
1226 1805 1253 1832 in
1273 1800 1413 1832 choto'i'dc
1429 1798 1506 1830 velut
1529 1802 1557 1830 in

329 1843 394 1875 foco
418 1844 590 1887 colligantur
603 1867 611 1880 ‚
627 1848 701 1889 iique
721 1845 757 1876 sic
781 1843 901 1876 resiliant
921 1857 951 1876 ut
976 1844 1054 1876 focus
1074 1848 1235 1887 reciprocus
1259 1842 1291 1874 lit
1310 1848 1338 1874 in
1362 1842 1475 1874 accensa
1490 1853 1558 1873 can-

328 1887 403 1918 dela.
426 1889 513 1919 Unde
533 1888 631 1919 oculus
651 1890 716 1918 huic
733 1891 856 1919 vicinior
874 1887 1067 1929 crystallinum
1090 1891 1166 1918 emis
1181 1889 1332 1918 humorem
1354 1886 1510 1917 admadum
1525 1885 1559 1915 il-

330 1929 498 1962 luminatum
512 1934 614 1961 intueri
635 1931 738 1967 debet,
763 1934 802 1962 uti
825 1934 853 1960 in
875 1934 969 1974 optica
990 1931 1206 1962 demonstratur.
1240 1931 1327 1973 quue
1344 1932 1462 1973 experiri
1477 1927 1560 1960 facile

331 1974 369 2004 est
388 1972 407 2004 fi
426 1973 519 2016 phiala
539 1978 626 2004 vitrea
652 1978 681 2005 ὅ(
708 1973 827 2005 rotunda
845 1984 916 2016 aqua
933 1986 1000 2017 pura
1015 1974 1164 2017 impleatur
1178 1997 1185 2009 ‚
1204 1985 1290 2016 eaque
1308 1976 1376 2004 οέὶο
1395 1984 1440 2004 aut
1460 1971 1558 2002 decem

334 2016 456 2057 pastibus
478 2017 514 2048 ab
532 2016 646 2047 accensa
670 2017 729 2048 face
752 2028 930 2048 removentur
944 2040 952 2052 ‚
979 2028 1038 2047 tum
1063 2028 1138 2047 retro
1157 2017 1280 2059 phialam
1300 2017 1333 2048 :td
1360 2015 1559 2047 semidiametri

336 2059 389 2089 sua:
407 2060 566 2091 distantiam
583 2061 712 2091 chartam
731 2061 881 2091 candidam
905 2062 1058 2092 admoveas
1070 2083 1078 2096 ,
1103 2064 1131 2090 in
1149 2072 1204 2102 qua
1223 2060 1269 2090 lux
1289 2072 1349 2102 qum
1370 2057 1493 2102 phialam
1511 2069 1559 2099 pc-

336 2107 459 2135 netravit
477 2125 486 2139 ,
512 2115 649 2148 tanquam
671 2106 702 2135 in
733 2104 801 2136 foco
828 2103 972 2146 colligitur
997 2117 1005 2135 z
1034 2115 1095 2136 tum
1124 2107 1201 2135 enim
1231 2103 1328 2135 oculus
1353 2101 1442 2147 prope
1470 2100 1560 2131 factm
