1638 2345
288 88 591 121 ACADEMIAE
632 89 932 120 HISTORIA.
967 91 1053 121 L113.
1088 93 1111 122 1.
1276 99 1307 131 63

116 131 247 162 Primum
270 131 300 162 id
318 132 519 164 animadvertit
535 157 543 170 ,
559 131 709 164 herbarum
726 143 789 174 quae
811 131 903 162 lacteo
927 133 1009 164 succo
1029 145 1074 165 aut
1098 134 1176 165 flavo
1197 145 1309 179 turgent
1324 137 1369 165 De
1382 137 1419 163 Bo

83 174 170 205 caulis
189 175 263 206 infra
285 186 379 205 ramos
409 175 507 207 resecti
534 177 549 207 ὲ
567 187 644 220 parte
670 176 811 218 superiore
832 180 863 208 &
889 175 966 207 foliis
986 180 1119 220 propiore
1147 176 1308 211 uberiorem
1324 179 1420 208 tunica.

83 217 194 249 succum
212 217 436 262 praebcntquam
457 219 472 248 ὲ
496 231 572 263 parte
592 218 723 251 inferiori
745 219 838 250 versus
862 219 997 250 radicem.
1023 220 1116 263 Qod
1133 224 1230 264 utique
1252 235 1310 254 non

81 264 226 297 eveniret,
250 261 269 292 si
291 262 384 292 succus
401 265 496 292 omnis
521 263 613 294 versus
634 273 759 293 extrema
779 262 881 306 planta:
905 262 1067 306 pelleretur.

113 305 348 335 Resedhiiterum
361 304 495 348 plantain
511 318 541 337 ea
562 317 640 350 parte
652 309 696 336 cui
707 305 801 337 insunt
819 305 889 336 folia
904 329 911 341 ‚
927 306 1000 337 nihil
1014 318 1062 338 aur
1084 319 1235 351 perparum
1247 310 1309 340 suc-

79 350 105 377 ci
127 347 234 379 sursum
255 346 343 379 fertur
356 370 366 384 ,
391 348 439 379 sed
464 348 601 391 plurimus
623 348 767 380 delabitur
788 349 804 378 ὲ
822 349 991 381 frondibus:
1013 351 1094 394 quod
1110 356 1231 394 experiri
1244 353 1309 384 licet

77 392 108 420 in
130 390 318 432 Tithymallis
332 416 340 426 ,
359 391 443 423 dente
463 393 574 428 leonis,
599 391 798 427 chelidonio,
819 396 849 423 &
872 392 933 424 aliis
960 393 1042 434 hujus
1062 398 1184 437 generis.

113 436 154 465 11.
165 437 246 477 Qn
258 437 344 466 etiam
361 437 394 465 iis
406 437 435 466 in
449 435 552 479 plantis
568 435 682 467 tubulos
698 447 727 466 ca
743 447 801 466 arte
819 435 969 479 dispositos
982 440 1143 480 comperit,
1156 449 1187 469 ut
1200 450 1233 469 ex
1243 438 1308 482 plu-

77 475 156 508 ribus
178 476 292 509 fibrillis
312 478 460 514 candidis,
482 480 560 510 duris
586 483 616 511 ὃ(
636 479 736 522 ligneis
762 479 778 508 ὲ
798 479 824 510 se
839 479 940 510 mutuo
958 480 1106 521 disjunctis
1136 481 1306 518 coalescant,

76 531 139 561 quae
159 519 175 550 ὲ
201 521 293 552 radice
315 521 350 552 ad
367 533 510 553 extremos
537 523 622 566 usque
643 534 736 553 ramos
758 522 963 565 producuntur.
984 526 1045 554 Has
1064 528 1225 555 communis
1250 525 1308 568 pel-

76 563 163 594 licula
183 565 308 596 involvit
321 588 330 600 ,
351 576 413 607 quae
434 566 449 596 Ξι
466 566 543 596 caule
564 565 673 609 reliquo
695 577 739 595 eas
760 565 878 608 separat.
905 568 981 597 Inter
1003 579 1047 597 eas
1066 566 1150 598 fibras
1169 571 1200 598 &
1226 569 1306 611 pelli-

76 606 169 638 culam
188 611 303 639 materia
325 609 452 650 quaedam
478 608 626 652 spongiola
651 609 802 649 interjesta
822 608 1004 652 microscopii
1020 622 1075 653 ope
1093 613 1238 647 cernitur,
1257 624 1307 642 ea-

75 660 129 690 que
151 650 233 681 succo
251 650 318 682 albo
335 650 381 681 vel
398 650 474 682 flavo
495 655 633 694 tingitur:
657 663 724 681 nam
743 662 867 682 extrema
890 650 1029 683 fibrarum
1048 652 1111 683 alba
1133 653 1195 684 sunt
1210 676 1219 689 ,
1245 654 1307 685 suc-

74 703 122 723 cus
142 695 213 724 vero
229 706 275 725 aut
297 692 405 729 flavus,
425 706 473 725 aut
501 694 606 726 lac‘teus
629 694 728 725 multis
744 697 772 724 in
795 694 865 725 locis
887 694 1069 738 conspicitur.
1254 714 1256 716 v

107 737 234 777 Majores
248 738 351 780 planta·
363 763 370 776 ,
388 748 418 769 ut
442 738 546 770 Ferulae
570 739 618 770 has
643 737 727 769 fibras
743 741 828 780 :cquis
858 738 1017 770 intervallis
1036 739 1180 782 dispositas
1199 740 1305 773 liabent

73 777 88 807 ὲ
110 790 208 811 centro
226 781 312 812 caulis
334 780 369 812 ad
388 781 660 812 circumferentiam.
684 780 816 824 Reliqua:
837 781 908 812 duos
926 781 1039 812 tantum
1056 793 1101 813 aut
1122 794 1177 814 tres
1199 783 1305 816 habent

73 820 211 854 fibrarum
237 824 352 856 ordines
374 824 468 856 versus
485 824 754 857 circumferentiam.
776 824 832 855 Sed
845 824 915 855 alius
937 825 975 855 est
992 826 1089 856 succus
1107 826 1238 870 aquosus,
1255 832 1305 870 qui

72 867 101 895 in
126 867 233 898 :escsto
253 866 332 898 caule
355 866 440 898 facile
455 867 635 912 conspicitur.
659 870 741 910 Aque
773 867 848 898 illud
871 867 933 899 satis
956 869 994 899 cst
1015 868 1168 900 verisimile
1192 870 1303 902 succum

73 907 157 941 illurn
176 922 297 953 aqueum
321 913 349 941 in
377 923 425 941 eos
447 922 607 942 commeare
632 911 749 942 tubulos
777 912 878 954 quibus
900 912 969 942 inest
999 911 1094 944 succus
1112 912 1242 949 lacrmis,
1272 918 1304 945 δε

72 961 138 982 cum
162 965 196 983 eo
220 954 355 993 misceri,
379 952 436 984 fere
454 966 484 984 ut
507 955 607 995 chylus
643 958 671 985 in
700 966 784 986 venas
803 965 947 986 commeat
967 958 997 986 ὅ(
1018 956 1074 986 una
1088 968 1156 987 curn
1170 956 1305 999 sanguine

72 995 265 1037 permiscetur.
1089 1017 1092 1018 ν

108 1041 161 1070 111.
194 1043 298 1073 Utrum
319 1052 413 1071 autem
443 1052 492 1084 per
514 1041 661 1072 (listinc‘tos
687 1039 801 1071 tubulos
826 1040 921 1071 succus
940 1044 969 1071 in
993 1041 1099 1073 radices
1124 1048 1154 1075 ὅ(
1178 1042 1304 1076 ramulos

75 1083 250 1124 propellatur
262 1106 271 1118 ,
283 1084 437 1125 dijudicate
454 1095 511 1114 non
527 1088 632 1126 potuit.
656 1083 730 1114 Illud
744 1095 831 1114 unum
852 1085 959 1115 constat
973 1096 1068 1115 rorem
1094 1089 1123 1117 &
1148 1085 1274 1129 pluviam
1288 1088 1304 1117 ὲ

73 1124 150 1156 foliis
166 1130 193 1157 in
213 1126 324 1158 caulem
345 1138 526 1162 commeare,
541 1139 693 1171 utrumque
719 1127 830 1157 succum
851 1138 912 1158 tum
934 1127 948 1156 a
963 1128 1122 1165 radicibus,
1144 1141 1204 1160 turn
1227 1130 1242 1160 ἓι
1258 1130 1303 1161 fo-

72 1168 117 1197 liis
129 1181 277 1213 exceptum
296 1182 344 1214 per
365 1173 451 1202 totius
471 1169 573 1213 planta·
597 1170 811 1213 longitudinem
834 1170 983 1202 decurrere
998 1193 1007 1206 ‚
1033 1175 1063 1201 &
1084 1184 1135 1213 per
1155 1172 1304 1204 insensibi-

72 1210 111 1241 les
132 1224 220 1254 poros
255 1214 347 1245 subire
379 1225 427 1244 eos
446 1212 617 1244 canaliculos
642 1217 671 1244 in
698 1212 800 1255 quibus
819 1212 913 1244 succus
930 1217 987 1255 jam
1010 1215 1047 1245 (st
1068 1215 1239 1246 elaboraxus.

96 1256 150 1287 IV.
176 1257 256 1288 Nam
277 1257 297 1288 fi
323 1257 447 1289 ramulus
465 1256 575 1287 arboris
595 1268 624 1288 ut
650 1257 745 1288 herbar
773 1279 782 1292 ,
803 1268 849 1287 aut
869 1259 938 1301 Apii
963 1257 1124 1294 hortensis,
1147 1271 1192 1290 aut
1215 1260 1305 1291 Chae-

71 1297 167 1330 refolii
184 1300 305 1332 resectus
329 1301 416 1332 alium
435 1300 536 1331 habeat
555 1300 696 1331 ramulum
717 1299 767 1331 fibi
795 1300 809 1330 a
832 1299 919 1331 latere
940 1304 1127 1343 conjunCtum
1142 1325 1151 1338 ‚
1172 1313 1254 1345 atque
1273 1304 1305 1334 il-

71 1339 126 1372 lius
143 1355 207 1386 pars
226 1355 353 1375 extrema
379 1356 458 1386 aquae
479 1344 542 1374 vase
560 1355 701 1375 contenta:
726 1343 761 1374 fic
784 1347 969 1386 irrmcrgatur
982 1367 990 1379 ,
1010 1357 1041 1376 ut
1071 1348 1213 1388 reliquum
1238 1358 1305 1377 cau-

71 1383 125 1419 lis,
148 1389 178 1416 δε
199 1388 346 1419 cohaerens
370 1387 493 1420 ramulus
517 1390 546 1417 in
569 1387 639 1418 vasis
665 1390 795 1429 margine
819 1398 897 1417 exrra
927 1398 1030 1429 aquam
1054 1388 1211 1419 collocetur
1226 1412 1236 1425 ‚
1259 1402 1304 1421 ra-

70 1427 142 1458 muli
167 1441 269 1462 omnes
293 1443 341 1474 per
366 1443 420 1462 tres
439 1442 485 1461 aut
508 1441 628 1473 quatuor
649 1430 708 1461 dics
740 1433 825 1460 etiam
854 1431 945 1462 aestate
972 1435 1097 1462 vitorem
1118 1431 1197 1463 suum
1221 1444 1304 1463 con-

71 1471 233 1504 servabunt.

103 1517 141 1546 V.
167 1515 294 1547 Eandem
307 1515 346 1546 ob
363 1520 503 1547 rationem
515 1517 645 1559 Pcpones
659 1515 751 1548 adhuc
773 1520 882 1552 teneri,
897 1516 966 1547 dum
989 1520 1017 1547 in
1042 1516 1113 1547 fimo
1126 1516 1236 1547 calente
1252 1517 1301 1548 sub

69 1568 206 1602 campana
229 1563 316 1590 vitrea
338 1559 502 1591 adolescunt
516 1583 523 1595 ,
546 1571 651 1603 vapore
669 1562 698 1590 in
716 1571 860 1603 campanae
879 1560 1011 1591 lateribus
1034 1560 1118 1590 instar
1143 1563 1215 1590 roris
1228 1571 1299 1592 con-

70 1602 210 1633 crescente
226 1625 235 1638 ,
261 1608 290 1634 δε
317 1607 345 1634 in
374 1602 442 1634 folia
464 1603 610 1634 decidente
636 1625 645 1638 ,
676 1607 801 1634 virorem
826 1603 906 1634 suum
931 1607 960 1635 &
985 1602 1149 1634 firmitatem
1174 1615 1297 1637 tuentur.

73 1645 188 1676 Sublata
209 1658 344 1690 campana
363 1646 497 1678 nonnihil
516 1645 585 1677 folia
607 1646 800 1679 marcescunt:
825 1646 931 1677 tametsi
952 1646 1029 1677 calor
1055 1646 1111 1689 ipse
1129 1647 1297 1690 plerumque

72 1686 104 1718 sit
128 1689 289 1725 remiffior,
318 1694 348 1721 ὃ(
372 1690 519 1733 frigidiore
539 1701 605 1719 aura
634 1701 803 1721 recreentur.
827 1690 882 1721 Sed
904 1702 950 1721 ros
976 1689 1025 1721 ille
1045 1689 1119 1720 deest
1144 1713 1152 1725 ‚
1176 1694 1224 1734 qui
1248 1702 1297 1732 per

73 1729 179 1768 fibras,
198 1745 244 1764 aut
267 1733 438 1768 canaliculos
454 1735 479 1764 se
497 1732 636 1768 insinuat,
655 1737 684 1764 Sc
704 1733 829 1776 plantam
843 1733 891 1764 alit
908 1747 915 1764 :
937 1737 980 1764 cui
995 1732 1089 1763 succus
1114 1735 1129 1765 ὲ
1154 1732 1224 1764 fimo
1236 1734 1296 1764 sub-

72 1771 143 1804 latus
158 1787 217 1806 non
239 1775 348 1807 sufficit.
370 1777 458 1809 Unde
485 1781 515 1808 ὃ(
539 1777 649 1807 Divina
669 1776 791 1819 quadarn
811 1776 996 1807 Providentia
1011 1776 1116 1807 factum
1131 1778 1189 1812 cst,
1221 1788 1251 1807 ut
1269 1780 1297 1806 in

74 1816 145 1848 locis
169 1819 370 1851 fervidioribus
395 1832 441 1851 ros
467 1820 499 1851 sit
524 1819 660 1855 uberior,
685 1831 751 1850 cum
777 1820 879 1864 pluviae
898 1819 959 1850 sunt
978 1823 1103 1851 rariores.
1122 1822 1168 1850 Sic
1187 1823 1217 1850 in
1241 1820 1298 1862 ple-

74 1860 165 1904 risque
189 1862 285 1893 herbis
304 1863 381 1894 velut
404 1863 455 1906 pili
472 1876 518 1895 aut
538 1865 631 1906 apices
653 1863 851 1900 succrescunt,
872 1874 943 1906 quos
967 1863 1081 1894 tubulos
1100 1863 1154 1894 effe
1177 1866 1233 1893 rori
1252 1874 1299 1894 aut

73 1903 178 1947 pluviae
193 1905 357 1949 exsugendae
370 1907 520 1938 destinatos
542 1918 642 1949 magna
653 1906 853 1951 probabilitate
868 1909 987 1948 conjicit
997 1929 1007 1942 ,
1017 1906 1096 1949 quod
1109 1906 1204 1938 hcibae
1215 1917 1299 1947 aqua-

75 1950 137 1978 ticae
155 1948 206 1979 sint
224 1949 301 1980 tersae
326 1961 384 1980 non
406 1950 516 1982 hirsuta:
551 1962 595 1981 aut
618 1951 659 1981 his
681 1950 760 1982 velut
785 1950 898 1994 spiculis
915 1950 1027 1991 asperat.

96 1994 152 2023 VI.
180 1992 311 2023 Addebat
330 1994 370 2023 D.
389 1995 526 2026 Matiottc
555 1993 625 2024 illud
648 1993 805 2024 admodum
825 1993 971 2037 probabile
997 1992 1088 2023 videri
1114 1991 1229 2038 succum·
1245 1990 1298 2021 sat-

75 2047 109 2078 pe
132 2047 180 2078 per
200 2038 308 2066 i'adicts
326 2048 485 2068 commeare
498 2061 506 2073 ‚
533 2047 563 2068 ut
586 2036 711 2067 drbimm
727 2038 889 2068 coctionem
911 2035 1086 2078 assequatur:
1110 2041 1297 2076 quemadmo-

76 2079 144 2111 dum
171 2078 280 2122 (linguis
297 2091 345 2124 pei·
367 2083 519 2124 pta-cipuas
540 2084 668 2124 corporis
688 2082 834 2112 machinas
847 2092 896 2112 cor
912 2107 920 2119 ,
941 2083 1015 2121 jecur
1034 2082 1090 2110 ἃς,
1115 2080 1136 2108 ir
1159 2077 1298 2122 reditque.
