1638 2345
296 74 594 108 ACADEMIAE
628 75 1025 108 HlsTORIA.L113.
1058 78 1129 109 111.
1262 92 1277 111 2

88 129 211 164 cumque
237 119 372 163 explicari
389 118 467 164 polse
489 119 651 155 existimat,
677 130 742 150 curn
768 123 797 151 in
823 130 897 151 nova
920 119 1044 151 Zernbla
1064 121 1162 153 Solem
1186 91 1319 165 citiu59145.
1334 122 1430 165 Plost-

86 162 187 196 diebus
207 162 296 205 quam
316 167 395 205 juxta
414 163 603 193 Astronomiae
618 164 758 205 principia
768 162 831 194 fieri
850 167 996 207 oportuit,
1012 163 1145 196 viderunt
1161 166 1242 210 supra
1264 169 1317 199 ho·
1359 176 1398 197 ca,

88 209 234 239 rizontem
255 218 408 250 emergere.
436 209 546 238 Verum
568 206 616 237 ista
636 203 725 236 fufius
750 205 816 237 loco
840 209 928 238 citato
953 206 1091 251 explicata
1114 209 1224 240 consuli
1251 212 1320 254 pos.

89 249 163 282 sunt.

128 295 192 327 lv.
219 294 296 323 Cum
323 294 364 324 D.
388 295 436 324 De
461 293 486 324 la
503 295 578 324 Hire
595 295 624 324 in
652 305 780 326 naturam
803 297 834 326 3<
857 294 953 325 causas
973 294 1171 327 Parheliorum
1193 299 1319 339 inquire-

87 347 127 367 ret
142 360 153 372 ‚
175 347 270 367 utrum
291 336 395 378 glacies
419 341 558 378 majorem
586 335 691 369 efficiat
713 338 919 369 refractionem
944 339 1034 380 quarn
1056 350 1128 381 aqua
1146 362 1155 374 ‚
1186 340 1319 383 indagare

86 379 189 410 voluit.
212 379 268 410 Sed
287 390 353 409 cum
374 379 489 411 bullulae
514 382 588 411 ae'ris
605 391 667 423 qux
688 384 716 411 in
740 379 831 424 glacie
856 381 918 412 sunt
941 381 1089 425 dispersae,
1116 382 1227 414 obstent
1244 396 1318 426 quo-

86 426 180 454 minus
201 434 245 453 res
261 420 382 463 objecia:
401 423 612 467 conspiciantur
630 446 640 459 ,
671 424 756 454 aliam
778 427 848 455 inire
869 425 953 466 hujus
976 429 1016 456 rei
1038 429 1176 457 rationem
1204 429 1318 458 coaetus

85 466 134 497 est.
153 465 254 496 Mense
265 466 403 508 Januario
416 478 519 509 aquam
541 478 603 510 quae
622 478 670 510 per
693 466 894 500 ebullitionem
913 468 1054 500 inclusum
1072 472 1138 499 a'c‘ra
1161 469 1235 500 foras
1249 482 1319 513 pro-

84 509 223 544 truserat,
245 512 384 539 acerrimo
401 510 502 551 frigori
513 509 547 540 de
569 513 654 540 noete
670 511 820 554 exposuit:
838 511 884 543 sed
899 514 982 544 mane
1006 523 1048 543 rot
1063 515 1154 543 a'e'reis
1169 512 1256 543 bullis
1267 514 1317 545 ad-

85 552 140 583 huc
165 552 267 583 referta
285 563 365 587 erat,
388 564 417 583 ut
441 553 587 584 transitum
610 553 713 585 lumini
734 566 792 585 non
809 554 967 598 praeberet:
989 554 1060 585 illud
1085 566 1179 586 tamen
1194 555 1316 588 advertit

83 606 187 637 aquam
212 594 292 625 illam
310 594 370 626 Soli
383 595 539 639 expositam
567 595 661 640 plures
684 598 826 637 ejusmodi
848 598 939 629 bullas
958 602 1057 637 ejicere
1072 621 1082 634 ‚
1111 598 1182 629 adeo
1207 610 1237 630 ut
1262 599 1316 631 fri-

80 650 135 680 gus
160 637 262 669 melius
280 650 382 682 aquarn
403 651 534 683 purgaret
546 666 553 676 ,
574 651 662 683 quam
678 642 760 683 ignis.
784 641 872 673 Unde
888 640 1006 672 eandem
1024 653 1124 684 aquam
1143 641 1240 684 gelido
1256 646 1315 674 a'e'ri

85 684 187 713 itetum
208 681 363 726 exposit-im
376 694 453 726 parte
468 683 508 716 sui
524 683 631 715 summa
648 685 710 715 satis
730 683 890 728 pellucere,
910 688 940 716 &
959 683 1105 728 propofito
1119 684 1167 715 suo
1179 686 1313 718 idoneam

83 729 212 768 reperit:
236 737 270 756 eo
295 725 417 757 artificio
434 726 498 758 usus
510 727 589 766 quod
609 730 638 758 in
659 728 739 758 Acris
756 727 857 760 mcnfis
879 728 1023 760 Februarii
1036 726 1122 760 fufius
1143 728 1313 772 explicatur,

81 770 194 801 invenit
215 772 355 811 majorem
374 769 428 801 effe
454 767 532 813 aqu&
553 770 641 813 quarn
661 771 762 814 glaciei
781 772 995 805 refractionem.

127 815 165 843 V.
189 813 347 855 Qaesrtum
371 813 409 844 est
428 825 477 844 cur
499 812 587 844 solam
614 825 716 857 aquam
743 817 817 846 inter
839 814 963 858 liquores
980 815 1069 859 frigus
1096 814 1195 846 dilatet
1217 815 1313 858 potius

79 855 169 898 ‘quam
190 857 349 888 contrahat.
369 859 409 888 D.
429 857 582 900 Hombetg
594 857 725 901 quaedam
741 861 770 888 in
787 859 920 890 machina
945 860 1129 890 pneumatica
1151 856 1217 890 fecit
1231 871 1313 902 expe-

79 901 203 931 rimenta
215 923 224 936 ‚
247 911 311 943 quae
333 899 426 931 lucem
445 899 568 943 aliquam
587 901 653 932 huic
673 900 833 932 difficultati
847 901 1002 933 enodandae
1020 901 1121 933 afferre
1140 900 1260 944 poffunr.
1277 902 1310 934 Id

83 945 159 973 enim
174 943 296 975 advertit
314 954 417 986 aquam
433 955 495 986 quae
516 948 545 975 in
565 943 688 987 glaciem
705 943 861 976 concrescit
873 967 882 980 ,
903 944 1006 976 multas
1019 947 1092 975 ae'ris
1112 943 1202 975 bullas
1222 949 1307 978 emit-

81 995 156 1021 tere,
182 987 257 1018 unde
278 999 332 1031 ope
348 987 487 1018 machinae
508 999 610 1031 aquarn
626 998 809 1031 expurgatam
832 990 891 1018 a'e‘ri
912 987 1009 1030 gelido
1032 999 1097 1018 curn
1120 987 1306 1031 exposuisset,

79 1027 184 1070 glacies
198 1031 338 1073 diaphana
362 1030 436 1061 fasta
459 1031 505 1061 est.
532 1031 691 1073 Qousque
713 1043 785 1074 aqua
810 1033 839 1061 in
862 1030 994 1072 cylindro
1016 1034 1108 1062 vitreo
1124 1030 1306 1067 ascendisset,

81 1082 145 1103 ante
172 1085 304 1105 notatum
325 1073 435 1109 fuerat,
450 1085 501 1105 nec
525 1074 707 1117 conglaciatae
728 1077 808 1105 aucta
822 1074 861 1104 <st
877 1073 968 1105 moles
992 1096 1002 1110 ,
1025 1076 1085 1104 imo
1109 1073 1244 1104 nonnihil
1267 1077 1305 1106 est

80 1116 242 1149 imminuta.
282 1117 372 1158 Qod
396 1120 482 1160 igitur
510 1128 588 1160 aquae
618 1116 775 1161 congelatae
799 1121 939 1159 majorem
968 1117 1113 1149 levitatem
1145 1121 1176 1149 &
1195 1118 1304 1150 molem

80 1157 182 1196 affert,
196 1164 244 1192 a'e'r
257 1162 313 1204 ipse
323 1160 434 1193 videtur
448 1158 501 1191 esse
516 1164 591 1192 intra
600 1173 679 1204 aquae
691 1173 800 1193 meatus
813 1160 972 1192 conclusus.
990 1163 1106 1202 Qare,
1116 1171 1146 1191 ut
1164 1160 1222 1204 ipse
1233 1174 1304 1193 con-

77 1205 141 1243 jicit
154 1226 163 1239 ,
189 1204 332 1247 particulae
351 1215 428 1248 aqua:
449 1203 603 1247 congelatae
623 1205 658 1236 ab
680 1205 798 1236 aetherea
822 1203 972 1235 substantia
990 1203 1086 1235 minus
1105 1206 1215 1247 agitata:
1232 1208 1305 1236 a'e‘ris

78 1245 198 1277 inclusas
222 1247 374 1291 particulas
394 1248 442 1278 suo
460 1247 586 1291 pondere
605 1248 715 1279 sursum
733 1252 875 1279 emittunt.
900 1246 956 1277 Sed
973 1246 1024 1277 ubi
1039 1246 1147 1278 summa
1167 1258 1246 1289 aquae
1260 1249 1304 1280 su-

75 1288 207 1331 perficies
227 1295 256 1322 in
277 1291 343 1334 gelu
361 1302 491 1322 concreta
508 1291 546 1322 est
559 1314 567 1327 ‚
591 1290 677 1322 bullae
697 1294 786 1322 aereae
804 1289 934 1322 sistuntur
948 1315 957 1329 ,
977 1301 1009 1321 ac
1028 1289 1106 1321 mole
1127 1289 1173 1320 sua
1188 1293 1276 1322 auctae
1295 1315 1305 1328 ‚

77 1342 170 1373 partes
186 1333 286 1375 glaciei
309 1333 426 1365 elaterio
447 1334 498 1365 suo
521 1334 666 1376 disjiciunt
680 1357 689 1370 ‚
709 1338 740 1366 &
763 1333 909 1365 interdum
930 1344 979 1364 vas
999 1333 1110 1376 ipsum,
1133 1345 1199 1364 cum
1217 1334 1306 1377 fragi-

77 1374 132 1405 lius
160 1377 198 1406 est
224 1399 234 1412 ,
255 1388 307 1407 nec
329 1377 418 1408 obstat
441 1376 531 1420 figura
547 1379 624 1421 ipsa,
646 1376 842 1420 confringunt.

122 1420 195 1451 Haec
215 1418 301 1451 fufius
319 1431 498 1464 exponuntur
522 1423 550 1450 in
573 1422 655 1451 Actis
671 1419 774 1452 mensis
787 1419 952 1455 Februarii,
972 1417 1022 1449 ubi
1035 1417 1108 1451 illud
1127 1429 1241 1461 quoque
1253 1420 1305 1451 ad-

77 1465 161 1493 vertit
182 1465 221 1495 D.
246 1463 399 1507 Homberg
417 1462 501 1495 citius
515 1475 619 1506 aquam
643 1462 822 1507 congelatam
834 1462 907 1493 solvi
926 1465 956 1498 in
978 1473 1088 1498 vacuo,
1105 1462 1192 1505 quim
1213 1465 1243 1492 in
1256 1466 1306 1493 a'c'.

76 1516 107 1536 re
124 1505 234 1543 libero,
248 1518 310 1538 eam
334 1508 407 1538 forte
423 1506 462 1537 ob
481 1509 639 1544 rationem,
654 1507 733 1551 quod
748 1506 868 1538 aetherea
886 1504 1034 1536 substantia
1045 1527 1053 1541 ‚
1069 1516 1132 1547 quae
1148 1516 1227 1547 aquae
1239 1513 1307 1549 par-¹

76 1548 171 1580 ticulis
193 1561 305 1581 motum
333 1554 363 1582 δ(
382 1549 554 1582 fluiditatem
572 1554 723 1594 impertit,
739 1550 855 1582 uberior
874 1548 907 1581 fit
925 1551 957 1580 in
975 1548 1106 1581 machina
1122 1574 1131 1585 ,
1156 1548 1245 1591 quam
1273 1552 1304 1582 in

74 1594 141 1623 a'e're
157 1607 165 1623 :
190 1593 265 1624 unde
281 1597 329 1625 nix
351 1596 381 1623 in
400 1606 490 1626 vacuo
512 1594 605 1625 subito
628 1594 760 1637 liquatur.

108 1638 170 1669 VI.
197 1637 296 1682 Qaim
321 1635 438 1669 difficile
458 1637 489 1668 fit
512 1649 615 1680 aquam
635 1641 715 1668 omni
735 1640 800 1668 ae're
824 1647 980 1680 expurgare
996 1658 1005 1672 ‚
1025 1647 1090 1667 cum
1105 1646 1139 1667 ex
1149 1635 1211 1667 aliis
1227 1636 1304 1668 mul-

76 1681 130 1714 tis»,
145 1690 207 1712 tum
225 1693 259 1711 ex
284 1683 317 1711 iis
341 1692 402 1724 qua:
426 1684 455 1711 in
477 1682 558 1712 Aeris
578 1680 680 1712 mensis
701 1682 801 1712 Martii
817 1691 1081 1711 commemorantur
1102 1683 1303 1723 experimentis

76 1720 144 1753 licet
165 1727 315 1765 conjicere.
334 1725 414 1755 Nam
433 1727 472 1756 D.
493 1723 646 1767 Homberg
666 1736 713 1755 vas
727 1723 919 1766 cylindricum
943 1727 973 1755 ὃς
995 1725 1117 1754 vitreum
1136 1734 1201 1754 cum
1221 1734 1302 1767 apta-

77 1775 107 1795 to
128 1766 196 1797 tubo
214 1789 225 1802 ,
246 1778 276 1799 ut
295 1772 324 1799 in
343 1770 431 1810 priori
453 1771 648 1811 experimento
666 1766 738 1809 aquz'i
760 1766 796 1798 ad
813 1778 920 1798 certam
940 1766 1028 1809 usque
1049 1766 1229 1798 altitudinem
1245 1771 1301 1798 im-

76 1807 186 1851 plevit,
210 1821 257 1841 vas
279 1811 419 1843 machinae
442 1822 506 1842 cum
532 1811 580 1842 suo
600 1811 749 1853 epistomio
762 1810 909 1845 admovit3
933 1809 1057 1842 inclusus
1073 1813 1122 1841 ae'r
1146 1810 1300 1842 exantlatus

78 1862 143 1883 cum
165 1851 247 1884 solita
274 1853 440 1885 ebullitione
459 1859 561 1898 erupit.
581 1854 642 1886 Ubi
665 1854 760 1885 nullus
779 1853 903 1898 amplius
926 1856 1036 1889 exivit,
1062 1865 1109 1884 vas
1129 1854 1145 1884 ὲ
1167 1854 1299 1883 machina

78 1894 248 1927 subductum
270 1897 306 1927 est
318 1920 327 1933 ‚
340 1902 370 1929 ὃ(
385 1899 437 1929 rite
454 1897 599 1929 occlusum
616 1909 624 1931 ·,
647 1909 681 1928 eo
700 1897 805 1928 deinde
826 1893 950 1929 succusso
972 1908 1061 1940 partes
1080 1908 1157 1939 aquae
1179 1896 1194 1925 a
1208 1896 1232 1925 se
1252 1899 1298 1925 in-

78 1941 171 1969 vicem
195 1939 311 1971 divulsa:
326 1963 336 1976 ‚
357 1952 417 1972 rum
436 1943 463 1971 in
485 1942 511 1971 se
531 1940 680 1972 redeuntes
703 1940 802 1971 sonum
823 1943 897 1972 utin
911 1940 989 1971 duris
1011 1939 1178 1980 corporibus
1193 1938 1298 1970 collisis

78 1982 227 2013 ediderunt
244 2009 253 2022 ‚
273 1995 335 2027 pars
349 1983 456 2014 summa
476 1988 504 2016 in
528 1984 654 2029 spumam
667 1984 803 2015 conversa
816 1984 853 2015 est
870 2010 878 2023 ,
890 1983 999 2025 reliqua
1016 1982 1108 2012 lacteo
1125 1981 1221 2013 colore
1233 1994 1298 2025 per-

79 2023 160 2061 fusa,
180 2025 265 2068 idque
290 2027 415 2058 maxime
441 2029 473 2058 in
506 2032 567 2061 imo
586 2026 657 2060 vasis
678 2041 687 2065 5
709 2027 756 2061 scd
779 2027 884 2070 candor
908 2026 959 2071 ille
982 2026 1061 2069 bsssyi
1083 2025 1145 2069 Post
1171 2036 1297 2070 (ςΓΠΡΟῈε

81 2069 111 2098 in
127 2069 254 2113 spumam
273 2070 463 2113 degeneravit.
823 2069 844 2072 ὦ
