1638 2345
329 48 628 81 ACADEMIAE
666 47 936 80 HISTORIA
970 47 1054 80 Lin.
1083 49 1147 82 IV.
1292 58 1345 87 373

117 91 198 124 miffe
221 96 336 136 gravior
357 96 490 125 inventus
514 93 552 123 est
574 118 582 128 ‚
602 91 689 135 quam
719 91 805 134 paulo
827 102 908 122 antea
928 102 994 122 cum
1019 94 1082 121 ae'te
1104 91 1172 123 esset
1189 91 1346 123 destitutus.
1363 85 1458 127 Pkffl.

120 138 235 166 Hiemis
261 147 390 179 tempore
417 138 494 169 idem
519 135 622 178 globus
644 135 767 167 totidem
795 133 1037 166 exantlationibus
1059 133 1112 165 fuit
1134 138 1293 166 exinanitus
1316 138 1345 165 δέ
1359 141 1399 160 ca·

115 181 146 209 in
165 178 275 210 bilance
295 180 420 224 politus,
448 191 564 223 tumque
585 180 654 210 duas
680 181 778 210 uncias
799 182 830 210 ὃς
857 178 902 210 sex
923 177 1066 209 drachmis
1088 179 1287 221 ponderabat,
1308 178 1350 210 le-

117 226 181 254 vior
191 225 323 255 inventus
334 252 342 264 ‚
354 225 439 267 quam
449 223 535 267 paulo
553 234 644 254 antea.

159 268 239 298 Huic
258 273 453 312 experimento
474 270 538 311 apte
553 269 689 297 convenit
708 277 774 296 cum
794 264 884 296 altero
903 263 976 296 olim
998 266 1069 295 citra
1086 264 1249 294 machinam
1264 276 1354 307 pneu-

116 313 253 342 maticam
275 311 354 343 facto
376 326 382 343 :
413 312 532 355 globum
559 312 681 341 vitreum
703 332 713 344 ‚
744 312 825 348 cujus
852 308 992 339 diameter
1020 319 1079 339 erat
1104 318 1138 345 17
1161 306 1300 350 pollicum
1325 311 1354 338 in

116 357 267 397 vaporatio
288 377 296 389 ,
328 354 416 398 vulgo
465 366 502 384 un
529 355 623 395 Pob'fle
644 375 653 388 ,
689 352 808 383 servavit
830 364 880 395 pei·
902 352 1028 383 hiemem
1052 354 1218 381 acerrimam
1243 363 1251 385 ·‚
1277 349 1355 382 locus

115 408 174 428 erat
194 397 335 433 calidior,
354 399 392 429 ibi
410 398 530 441 globum
552 396 688 440 appendit
703 395 809 426 bilanci
822 417 831 430 ,
855 406 915 425 tum
939 394 1053 426 occluso
1075 394 1226 437 epistomio
1239 417 1249 430 ,
1273 397 1304 424 ὅ(
1325 397 1356 424 in

114 440 281 471 cubiculum
296 467 305 480 ,
321 441 370 472 ubi
395 441 483 483 frigus
501 452 563 472 acre
584 439 716 471 iaeviebat
729 462 739 474 ,
763 436 928 469 transsatum
947 437 1067 482 globum
1092 436 1239 480 paululum
1261 435 1356 468 levio-

115 494 176 514 rem
200 487 331 519 invenit,
352 485 430 527 quod
453 488 482 514 in
501 483 630 515 densiore
649 487 714 514 a'e‘re
734 481 832 514 minus
845 484 997 524 gravitaret
1023 494 1028 511 :
1053 481 1099 512 sed
1123 479 1274 511 discrimen
1289 492 1356 512 orn-

116 538 152 557 ne
171 529 219 558 vix
238 530 321 558 unius
336 539 394 558 erat
418 527 635 558 semidrachmae
659 541 665 558 :
687 538 751 557 cuni
774 537 822 568 per
842 526 911 555 duas
930 526 1013 556 horas
1035 536 1069 554 eo
1087 527 1117 555 in
1140 523 1205 554 loco
1221 522 1355 560 stetisset,

113 582 214 612 aperto
238 570 379 601 verticillo
402 574 450 600 ae'i‘
467 582 532 600 cum
554 573 660 612 inipetu
683 569 766 600 subiit
789 567 910 611 globum
925 591 934 604 ,
952 567 1028 610 quali
1053 571 1082 598 in
1105 566 1238 597 machina
1256 570 1354 598 exina-

116 616 193 644 nitus
211 612 304 644 fuisset
329 628 334 645 :
355 625 415 644 tum
433 612 505 643 larici
529 612 676 655 impeliius
696 612 766 643 duas
790 613 942 642 machmas
963 623 1027 642 cum
1050 608 1157 640 semiss'e
1179 609 1253 642 lanei
1275 610 1356 641 alteri

114 656 218 697 adjecit
233 679 242 692 ,
263 668 292 687 ut
314 655 394 687 ficret
414 657 632 699 aequipondium
655 669 662 686 :
688 656 758 685 adeo
784 667 814 686 ut
838 658 885 684 ae'r
907 657 991 685 trium
1015 656 1127 684 circiter
1153 652 1356 684 drachmarum

114 699 241 741 pondere
261 699 396 731 subierit:
414 712 479 729 nam
504 698 711 729 lemidra-liinfi
733 697 829 728 minsis
852 700 880 726 in
905 697 970 727 loco
994 696 1143 739 frigidiore
1169 696 1358 738 ponderabat.

115 742 223 773 Noluit
238 745 266 773 in
282 746 430 786 vapor-irio
445 743 564 784 globum
588 742 659 773 lanei
677 752 837 786 appendere
849 762 859 775 ‚
878 752 912 770 ne
933 740 1006 771 forte
1020 742 1144 771 nimium
1160 739 1292 770 dilatatus
1305 743 1355 770 a'e‘r

113 797 171 829 prae
194 785 287 816 calore
308 798 356 816 vas
378 786 468 829 ipsum
491 787 695 826 confringeret.

163 833 190 860 V
204 832 274 860 111.
312 831 390 860 Cum
412 828 506 871 Aprili
529 829 623 859 mense
642 828 677 857 de
702 830 734 857 iis
755 849 763 862 ‚
782 829 831 868 qui
852 828 883 856 in
907 827 980 868 aqud
1007 825 1141 857 submersi
1166 826 1228 869 post
1243 823 1352 868 aliquot

114 872 175 903 dies
195 883 343 914 emergunt
365 898 372 908 ,
402 872 493 902 sermo
513 871 661 901 haberetur
684 897 691 906 ,
717 874 745 900 &
770 869 849 899 causa
869 870 951 910 liujus
973 869 1139 900 emeifionis
1159 880 1351 912 quaermerur,

113 916 188 946 hanc
213 916 307 946 attulit
337 919 377 947 D.
394 917 546 957 Varignon
571 940 578 950 ‚
611 913 754 944 inclusum
774 915 803 941 in
826 912 996 955 corporibus
1021 916 1086 942 aera
1111 917 1200 955 premi
1224 913 1351 946 arctius,

116 963 148 990 &
166 959 298 1002 disruptis
321 958 398 989 fibris
420 958 526 988 evolui.
555 957 587 988 Id
611 956 797 986 confirmatur
821 967 855 985 ex
874 966 907 985 co
925 978 934 990 ‚
960 955 1040 996 quod
1059 955 1195 986 cadavera
1242 954 1283 984 ost
1298 953 1352 983 ali-

113 1002 194 1045 quod
215 1002 344 1045 praelium
360 1005 418 1032 aeri
440 999 564 1043 expolita
588 1000 776 1032 intumescant
791 1020 800 1034 ,
819 997 890 1029 dum
911 1001 958 1028 a'e'r
975 1009 1057 1029 antea
1082 997 1186 1042 pressus
1220 1008 1234 1026 e
1256 996 1282 1027 se
1299 1008 1352 1027 ex-

115 1047 210 1089 plicat.

554 1193 816 1232 CAPUT
880 1193 938 1228 II.

562 1306 610 1335 De
632 1299 768 1349 ,elaterio
799 1296 895 1333 aeris.
937 1344 940 1346 v

118 1410 143 1437 1.
265 1401 348 1440 Tque
370 1399 429 1428 liaec
453 1398 488 1428 de
509 1400 582 1427 aei-is
601 1397 728 1439 pondere
748 1409 754 1427 z
776 1395 812 1426 de
833 1394 960 1436 ejusdcm
981 1392 1097 1423 elaterio
1118 1392 1218 1423 iisdem
1239 1403 1352 1434 tempo-

267 1441 343 1472 ribus
365 1443 460 1472 atstum
485 1442 537 1471 fuit
553 1463 562 1475 ‚
585 1441 635 1471 ubi
660 1440 695 1470 de
721 1438 920 1480 Atmospheiae
950 1435 1099 1467 altitudine
1130 1434 1277 1477 qiiaefituni
1295 1436 1354 1474 cst,

116 1485 196 1527 quod
216 1496 413 1528 argumentum
427 1484 442 1514 ὲ
466 1485 506 1514 D.
528 1487 573 1515 De
594 1482 619 1514 la
637 1485 709 1514 Hire
723 1505 732 1518 ,
756 1486 786 1514 &
804 1482 845 1510 D.
860 1484 1011 1522 Varignon
1031 1490 1091 1509 non
1112 1478 1230 1519 physice
1245 1477 1352 1513 modo,

118 1528 166 1559 sed
187 1532 216 1559 δε
248 1528 413 1559 mechanici:
444 1530 594 1559 tracstatum
615 1526 668 1558 fuit
700 1540 706 1557 :
731 1535 870 1569 perpauca
895 1524 911 1554 ὲ
938 1522 1034 1553 multis
1062 1521 1175 1564 seligam
1200 1544 1210 1556 ,
1229 1532 1263 1551 ne
1281 1521 1353 1552 ulai

117 1571 204 1613 que‘im
224 1584 271 1616 par
292 1571 323 1601 fit
345 1571 459 1614 longior
484 1570 545 1603 sim.

166 1615 298 1646 Primum
322 1618 415 1656 iterque
440 1614 470 1645 id
490 1616 624 1657 principii
650 1613 715 1643 loco
738 1614 819 1654 ponit
846 1612 885 1642 D.
915 1608 1005 1640 Dela
1022 1610 1095 1638 Hire
1112 1610 1185 1639 a'e'ris
1202 1607 1353 1651 particula<

118 1669 223 1700 magno
243 1658 360 1691 elaterio
384 1655 437 1687 effe
457 1657 588 1701 przeditas
603 1680 612 1692 ‚
630 1656 729 1697 easque
747 1666 845 1696 graves
864 1652 916 1683 cll'c
932 1679 940 1692 ,
957 1664 1018 1682 tum
1038 1662 1100 1693 quae
1118 1662 1151 1680 ex
1173 1650 1281 1695 duplici
1304 1650 1354 1680 illa

106 1700 268 1733 ,affcctione
283 1702 431 1743 sequantur
441 1700 605 1735 corollaria,
623 1699 658 1730 ad
677 1699 750 1742 leges
769 1698 946 1728 mechanicas
965 1698 1117 1725 examinat.

162 1746 259 1786 Atque
280 1756 310 1775 ut
329 1743 357 1775 id
378 1754 464 1774 omne
487 1743 595 1775 clarum
607 1741 656 1773 fiat
674 1746 703 1773 &
727 1752 854 1784 apertum
867 1750 1026 1784 ‚ponamus
1049 1738 1153 1768 lineam
1175 1738 1200 1766 A
1216 1739 1236 1767 B
1257 1735 1357 1767 multis

119 1786 241 1819 elateriis
264 1788 391 1819 constare
404 1810 413 1822 ‚
430 1797 494 1828 qua:
517 1786 726 1829 longitudinem
742 1784 893 1827 hexapedae
915 1782 971 1813 iiii-*t
987 1780 1142 1811 conficiant
1156 1802 1165 1815 ‚
1191 1792 1257 1811 cum
1284 1779 1357 1809 libe-

121 1842 182 1861 ram
208 1831 313 1862 habent
336 1829 530 1862 extensionem
544 1852 553 1865 ‚
576 1834 606 1860 &
630 1828 665 1859 ab
683 1830 765 1859 omni
787 1825 926 1869 pressione
952 1826 1012 1856 sunt
1037 1824 1136 1854 libera.
1158 1823 1214 1855 Sed
1236 1823 1282 1853 ubi
1302 1821 1356 1852 :ilii

121 1873 182 1904 aliis
205 1873 400 1909 incumbunt,
428 1877 457 1904 &
481 1873 617 1903 inferiora
641 1882 810 1914 premuntur
839 1870 853 1900 Ξι
886 1867 1077 1911 superioribus
1109 1865 1214 1908 singula
1241 1865 1354 1895 elaterii

119 1917 272 1948 fleetuntur
285 1941 293 1953 ,
313 1921 342 1948 δε
362 1917 568 1948 contrahuntur
591 1919 619 1946 in
641 1916 734 1957 spatiis
747 1936 756 1950 ‚
777 1925 838 1956 qua:
855 1912 959 1944 suntin
981 1914 1089 1942 ratione
1105 1912 1247 1950 reciproca
1258 1910 1354 1938 oneris

121 1959 286 2003 superpositi
310 1972 318 1995 ·‚
337 1960 421 2003 idque
441 1960 478 1990 est
491 1959 568 1990 velut
586 1958 733 2001 quoddam
755 1959 933 2000 experientiae
951 1955 1146 1998 principium.⁴

166 2006 253 2035 Unde
282 2003 300 2034 si
328 2003 442 2034 clateria
464 2029 472 2039 ‚
508 2014 631 2044 quorum
654 2001 708 2032 alia
733 2000 795 2030 aliis
823 2000 884 2030 sunt
906 1996 1076 2041 supcrpolita
1100 2018 1108 2030 ‚
1131 1997 1184 2024 luis
1209 1993 1353 2024 donentur

119 2047 305 2091 ponderibus,
316 2048 406 2090 iisque
416 2046 581 2089 aequalibuS,
594 2057 658 2078 cum
668 2044 786 2089 aequalia
798 2053 941 2087 ponantur
950 2041 1074 2113 clatcrli'xa:
1088 2050 1150 2086 tuiri
1160 2037 1249 2088 'clatet
1262 2049 1277 2068 e
1287 2037 1306 2069 d
1317 2048 1331 2067 c
1340 2059 1350 2074 ,

1065 2094 1078 2112 a
1088 2093 1102 2112 a
1134 2093 1164 2122 ii,
