1638 2345
192 159 280 190 ANN.

195 209 283 247 1695.

307 120 351 158 358
590 117 768 149 REGIAE
806 117 1212 153 SCIENTIARUM

305 158 438 191 nifcstum
464 159 523 191 fiet.
549 159 630 192 Cum
653 164 731 191 enim
744 172 795 192 cor
816 159 906 191 foezfis
927 163 957 192 vi
973 165 1087 205 propria
1112 175 1225 195 motum
1239 166 1404 200 circularem
1421 169 1535 214 stingui-

306 205 350 234 nis
370 202 483 235 efficere
505 215 563 234 non
579 201 663 246 possit
686 203 725 233 ob
750 206 872 235 rationes
890 202 1016 256 superius
1035 205 1133 237 allatas
1148 233 1156 242 ,
1176 209 1303 250 qusndiu
1322 213 1350 241 in
1367 223 1448 244 utero
1461 225 1534 246 con..

306 249 432 283 tinctur‚
452 250 548 278 marris
567 245 751 288 respiratione
774 258 837 290 eget
851 270 859 283 ‚
879 258 940 290 quo
953 251 1083 292 perennis
1106 249 1155 281 illc
1181 263 1276 283 motus
1289 257 1478 288 continuetur.
1497 259 1534 290 Et

305 301 400 322 tamen
423 301 534 322 tantum
556 292 583 319 in
610 288 685 320 foetu
706 290 848 333 sanguinis
870 291 929 328 cst,
955 303 1092 336 quantum
1115 296 1146 324 in
1166 293 1265 326 adulto
1290 296 1315 326 hr
1326 300 1408 328 mine
1433 299 1532 332 habui

304 336 433 378 corporis
456 335 574 364 mione.
598 334 783 377 Qapropter
795 334 814 365 si
829 346 918 366 miter
940 335 1023 367 foetui
1037 348 1086 378 per
1099 348 1202 368 venam
1218 338 1414 372 umbilicilcm
1438 344 1534 376 multo

301 380 397 408 minus
412 379 486 408 a'e‘tis
504 375 686 419 suppeditet,
711 376 797 419 quii-n
819 378 964 421 respiratio
977 380 1059 411 cordi
1078 381 1204 412 humano
1225 382 1350 426 pta-bite
1366 385 1436 416 solet
1449 409 1458 422 ,
1483 399 1533 429 pa-

301 419 358 450 lam
380 421 418 451 cst
435 419 577 450 tantulum
603 422 675 450 aeris
695 430 780 463 quem
801 433 890 452 mater
916 422 1001 454 foetui
1020 427 1147 467 imp.rtit
1162 448 1170 460 ,
1186 437 1244 457 non
1266 426 1391 459 sifficere
1412 430 1534 462 circula-

302 465 374 494 tioni
391 462 534 507 sanguinis
552 461 710 494 efficiendae
722 487 730 498 ‚
749 463 799 495 nisi
816 476 913 496 natura
929 470 1032 508 majori
1047 468 1191 509 sanguinis
1210 474 1281 514 parti
1306 474 1382 502 viam
1394 484 1534 517 compen-

300 506 454 537 diofiorem
477 506 599 550 praebeat
624 505 657 537 ei
679 506 740 551 ipsfi
760 519 847 549 quam
873 520 901 538 in
925 511 1044 540 homine
1061 511 1168 543 iniistit.

347 552 420 581 Earn
451 550 491 581 ob
511 550 621 581 causatu
646 550 774 581 foramen
796 550 879 582 ovalc
901 556 931 583 δ(
958 553 1086 584 canalem
1107 554 1276 598 piaedistum
1301 560 1409 601 aptavit
1427 570 1534 597 naturae

299 593 420 637 opifex:
443 593 463 624 fi
483 594 602 638 quidem
626 605 660 625 ex
681 594 812 625 univcrsr
831 594 972 638 sanguinis
992 596 1094 633 massa,
1121 600 1220 640 qums}
1238 600 1340 630 dextro
1356 601 1450 632 cordis
1472 601 1534 634 sinu

298 636 464 679 egreditur,
485 649 548 681 pars
571 649 626 668 una
642 638 657 668 ὲ
682 637 856 680 pulmonum
882 641 983 670 arteria
999 652 1047 683 per
1065 642 1192 672 canalem
1210 645 1391 684 intetjtc‘him
1412 647 1442 676 in
1466 657 1533 677 aor-

300 690 357 710 tam
373 680 539 711 inferiorem
555 679 699 711 delabitur
712 703 722 716 ,
736 692 828 723 neque
845 694 874 712 ea
897 694 947 725 per
968 684 1118 726 pulmones
1137 697 1183 716 aut
1203 685 1340 717 sinistrum
1353 688 1448 719 cordis
1461 701 1532 720 vcn—

299 723 434 754 tticulum
457 723 617 755 circulatur.
639 725 680 754 Ex
701 723 811 755 duabus
832 724 895 755 aliis
911 737 973 768 quae
995 725 1148 770 pulmones
1165 730 1360 771 pertranseunt
1373 753 1382 767 ,
1402 743 1486 774 atque
1503 735 1532 764 in

299 767 452 798 auriculam
467 767 561 798 cordis
582 767 717 800 sinistram
731 766 871 802 effluunt3
888 781 950 812 pars
964 781 1019 800 una
1035 781 1084 813 pet
1105 772 1236 802 foramen
1253 773 1335 804 ovalc
1353 776 1381 804 in
1398 774 1532 807 dextrum

299 810 491 842 ventriculum
512 810 584 842 redit
597 834 608 846 ,
627 822 680 842 nec
698 823 748 854 per
774 809 915 843 sinistrum
930 813 1024 844 cordis
1045 813 1135 845 finum
1148 837 1157 850 ‚
1180 826 1225 847 aut
1242 828 1291 859 pet
1307 816 1376 847 alias
1403 821 1533 860 corporis

299 863 392 895 partes
413 857 563 885 circuitum
584 854 665 884 suum
691 856 749 896 agit
769 867 776 885 :
799 866 860 897 pars
878 854 962 886 altera
985 858 1016 887 in
1044 857 1185 888 sinistrum
1204 860 1394 891 ventriculum
1418 861 1533 906 delapsa

299 898 354 927 iter
377 896 455 928 suum
477 909 525 942 per
551 908 660 928 aortain
681 895 810 928 conficit.

346 941 410 971 IX.
438 940 638 982 Qiamobrem
659 939 732 970 illud
748 939 840 983 palam
860 941 898 971 est
924 941 999 972 hunc
1016 942 1071 973 effe
1090 943 1182 975 ovalis
1204 944 1352 977 foraminis
1373 950 1404 978 &
1426 947 1533 980 canalis

299 981 381 1012 usum
402 1006 412 1018 ‚
438 995 468 1014 ut
490 994 554 1026 pars
573 987 664 1025 major
686 982 826 1025 sanguinis
854 986 884 1014 in
907 982 980 1015 foetu
1003 985 1098 1017 multo
1122 986 1285 1018 breviorem
1302 989 1404 1021 infistat
1428 994 1504 1022 viam
1519 1013 1531 1028 ,

299 1024 387 1067 quam
408 1029 438 1056 in
458 1028 597 1066 bomine3
619 1037 704 1068 atque
727 1038 758 1058 ut
782 1026 923 1071 sanguinis
948 1030 977 1058 in
1001 1026 1076 1060 foeru
1099 1041 1158 1061 non
1182 1034 1277 1062 minor
1296 1030 1328 1063 fit
1352 1037 1454 1076 copia,
1475 1034 1534 1066 set-

300 1068 364 1098 vata
381 1073 510 1113 corporis
531 1073 718 1113 proportione
733 1092 742 1105 ,
763 1069 851 1112 quam
867 1073 896 1101 in
924 1071 985 1114 ipso
1007 1072 1127 1104 homine
1148 1074 1248 1105 adulto
1261 1098 1269 1110 ‚
1288 1075 1470 1108 circulationi
1491 1089 1534 1110 ta-

298 1122 364 1142 men
385 1116 415 1143 in
437 1113 511 1144 foetu
536 1111 692 1144 efficiendae
713 1112 806 1144 mult&
837 1116 932 1147 nunus
955 1117 1029 1146 ae‘ris
1050 1119 1222 1161 requiritur,
1241 1117 1327 1160 quim
1350 1122 1379 1150 in
1401 1120 1530 1152 homine.

348 1157 428 1187 Hinc
449 1159 537 1187 etiam
562 1160 634 1188 tatio
656 1155 752 1187 afferri
773 1157 861 1200 potest
875 1180 884 1193 ,
910 1169 960 1188 cut·
981 1161 1011 1188 in
1039 1161 1170 1192 machina
1195 1165 1377 1205 pneumatica
1397 1165 1532 1195 exhausto

298 1209 370 1240 pene
394 1202 458 1231 a'ere
481 1212 530 1243 per
554 1202 689 1243 repetitos
715 1198 810 1230 antliae
831 1201 904 1231 idrus
919 1224 928 1236 ,
944 1201 1023 1243 quod
1043 1214 1141 1236 tamen
1168 1204 1288 1248 supcrtst
1310 1209 1383 1236 aie'ris
1408 1208 1533 1238 circula-

299 1244 411 1273 tioncrn
432 1243 574 1285 sanguinis
595 1242 702 1274 diutius
716 1243 864 1275 conservat
891 1247 920 1275 in
936 1244 993 1275 fele
1007 1268 1016 1281 ,
1031 1250 1112 1285 cujus
1137 1247 1264 1279 foramen
1289 1248 1374 1280 ovale
1395 1252 1426 1281 &
1448 1262 1534 1282 cana-

299 1282 334 1314 lis
349 1286 441 1316 adhuc
455 1297 549 1329 patent
561 1308 568 1320 ,
588 1286 676 1327 qu5m
697 1289 726 1316 in
748 1298 782 1316 eo
794 1311 804 1322 ,
827 1292 905 1327 cujus
924 1299 1032 1319 meatus
1048 1289 1091 1320 illi
1109 1291 1211 1321 occlusi
1227 1291 1307 1323 sunt:
1324 1303 1390 1323 cum
1410 1293 1460 1324 ille
1478 1303 1533 1328 exq‘

298 1337 342 1357 tra
364 1329 527 1359 machinam
551 1339 609 1358 tam
641 1331 699 1358 cito
725 1331 881 1364 moriatur,
908 1330 995 1371 quarn
1012 1331 1075 1363 felis
1096 1335 1144 1375 qui
1169 1333 1312 1365 obduaos
1328 1336 1412 1367 habet
1427 1338 1536 1380 praedi.·

300 1370 362 1400 etos
383 1372 475 1401 alitus
493 1393 502 1406 ,
527 1370 547 1401 si
573 1375 686 1414 utrique
707 1370 912 1402 intercludatur
936 1373 1071 1415 spiritus:
1095 1387 1187 1419 neque
1207 1378 1278 1407 adeo
1300 1381 1406 1408 mirum
1429 1381 1490 1416 cst,
1511 1382 1531 1413 fi

300 1411 390 1444 foetus
404 1414 545 1445 humanus
561 1413 646 1444 citius
664 1413 855 1455 exstinguatur
876 1417 903 1446 in
928 1427 1010 1446 utero
1026 1439 1036 1452 ‚
1061 1417 1111 1448 ubi
1129 1430 1187 1462 pra:
1213 1419 1334 1451 funiculi
1357 1421 1532 1456 umbilicalis

300 1455 441 1498 prcffione
464 1460 590 1499 privatur
610 1460 694 1493 aere,
716 1467 802 1499 quem
824 1469 913 1489 mater
929 1461 953 1489 ei
977 1460 1155 1504 suppeditat,
1169 1462 1256 1505 quiim
1277 1461 1340 1494 felis
1362 1476 1460 1498 recens
1479 1479 1532 1499 na-

300 1509 344 1529 tus
364 1503 393 1531 in
408 1501 541 1531 machina
559 1504 749 1542 pneumatica.

344 1545 384 1575 X.
409 1543 521 1575 Verum
544 1543 616 1575 illud
637 1543 784 1575 intelle6h1
802 1542 947 1576 difficilius
967 1546 1083 1578 videtur
1096 1571 1104 1583 ,
1123 1560 1171 1579 cur
1187 1549 1269 1580 ovale
1283 1549 1412 1584 foramen
1434 1556 1465 1584 ὃ(
1483 1564 1531 1584 ca-

301 1585 373 1616 nalis
392 1590 421 1617 in
444 1587 581 1619 testudine
596 1613 604 1623 ‚
626 1590 656 1618 &
673 1590 701 1618 in
725 1588 800 1619 foeiu
821 1588 856 1618 ad
871 1589 995 1619 eunrltm
1012 1589 1092 1621 usum
1108 1603 1268 1634 comparata
1282 1619 1290 1629 ,
1311 1606 1414 1638 nempe
1429 1607 1459 1627 ut
1472 1596 1531 1627 san-

300 1632 394 1670 guinis
418 1633 469 1662 iter
491 1631 603 1661 brevius
631 1629 701 1666 fiat,
725 1642 775 1661 cor
797 1642 892 1661 tamen
910 1632 1000 1663 scetus
1023 1645 1082 1664 non
1104 1634 1186 1678 possit
1206 1636 1347 1679 sanguinis
1366 1638 1531 1677 circulatio-v

299 1682 366 1702 nem
387 1674 494 1704 tamdiu
513 1677 703 1710 continuare,
725 1686 756 1705 ac
779 1685 828 1705 cot
850 1674 933 1717 ipsius
955 1676 1101 1708 testudinis
1125 1681 1278 1723 intercepta
1304 1680 1498 1723 respiratione.

342 1716 399 1747 Sed
422 1718 477 1747 hoc
493 1717 530 1747 cst
549 1718 586 1748 est
604 1717 776 1748 discriminis
789 1721 861 1749 inter
885 1719 1055 1750 testudinem
1082 1724 1112 1752 δε
1135 1721 1238 1753 soetum
1254 1745 1262 1758 ‚
1280 1725 1359 1765 quod
1373 1728 1400 1755 in
1417 1726 1529 1758 testudi-

299 1769 334 1788 ne
357 1760 496 1802 sanguinis
521 1772 583 1803 pars
607 1764 699 1803 major
718 1761 847 1792 &dextro
867 1761 961 1792 cordis
983 1764 1143 1795 ventriculo
1161 1767 1190 1795 in
1209 1777 1318 1796 aottam
1332 1789 1341 1802 ,
1363 1771 1394 1798 &
1416 1771 1445 1798 in
1461 1781 1528 1802 cum

298 1802 427 1833 canalem
445 1826 453 1838 ‚
473 1806 552 1844 cujus
575 1803 645 1846 [πρε
662 1807 839 1835 mentionem
857 1803 993 1841 fecimus,
1013 1806 1172 1843 dilabatur,
1193 1819 1224 1838 ac
1236 1820 1286 1852 per
1305 1821 1408 1841 venam
1428 1823 1527 1845 cavam

298 1846 326 1874 in
352 1846 474 1877 cundffln
497 1846 726 1882 finunrredcat,
750 1847 892 1878 ubifinnn
912 1849 1226 1887 cncustuniabstflvn,
1249 1853 1529 1896 necpuhnonesaut

298 1886 437 1919 sinistrum
458 1889 553 1920 cordis
571 1888 662 1920 sinum
688 1890 781 1926 subit·‚
803 1903 864 1935 pits
889 1891 975 1922 altera
998 1903 1060 1934 quae
1080 1893 1230 1936 pulmones
1247 1896 1528 1938 pervaditasinistro

297 1931 392 1962 cordis
419 1931 478 1963 sinu
506 1945 555 1976 per
580 1932 711 1963 foramen
732 1934 814 1964 ovalo
836 1938 864 1964 in
886 1935 1016 1966 dextrum
1052 1937 1242 1969 ventriculum
1270 1950 1412 1972 commeat
1436 1954 1444 1976 ς
1478 1954 1526 1974 ne-

298 1984 352 2016 que
372 1987 421 2018 per
442 1975 508 2007 anas
531 1978 659 2020 corpotss
678 1988 767 2018 panes
793 1977 927 2009 defixtun
948 1979 1037 2010 [Iule
1059 1981 1447 2024 univcnuihnguhnsinassh
1468 1997 1526 2016 uno

298 2020 420 2049 circuitu
437 2030 485 2062 per
499 2031 547 2050 cor
559 2019 650 2061 ipsum
677 2019 760 2050 semel
776 2024 976 2052 tantummodo
1001 2022 1105 2055 transit.
1133 2026 1164 2054 ln
1192 2024 1265 2056 foetu
1286 2038 1374 2064 vero,
1396 2031 1436 2058 uti
1449 2027 1524 2058 dixi-

299 2071 381 2097 mus,
403 2062 512 2105 sanguis
524 2062 670 2093 universus
691 2062 727 2094 ΛΗ
743 2075 861 2107 urrqu
883 2077 959 2095 venae
973 2078 1048 2096 cava:
1064 2079 1164 2098 trunco
1182 2070 1211 2098 in
1232 2069 1364 2101 dentum
1383 2074 1524 2102 ventricu-

300 2103 360 2136 lum
385 2104 488 2139 effusus
508 2108 538 2137 in
560 2117 615 2138 tres
635 2118 725 2150 partes
748 2107 892 2139 diducitur
912 2111 941 2139 in
963 2120 1062 2141 trunco
1083 2116 1190 2143 arte-rix
1216 2112 1412 2156 pulmonaris3
1432 2117 1524 2156 prima
