1638 2345
343 116 641 149 ACADEMiAE
665 119 952 151 HISTORIA.
986 121 1168 155 Lin.1v.
1294 131 1345 165 365

112 157 265 189 evanuerat
278 180 288 193 ,
308 169 342 190 ex
361 160 608 193 observationibus
630 165 670 194 D.
689 161 801 194 Caffini
820 162 861 193 sui
882 166 994 207 copiam
1016 164 1104 200 fecit,
1130 176 1214 208 atque
1236 165 1275 196 ibi
1301 180 1343 198 re·
1360 166 1455 206 Astf⁰<

112 209 207 230 centes
227 202 365 234 visuntur.
389 204 471 235 Idem
494 216 569 236 anno
595 212 662 245 1671
684 208 809 249 quinque
831 217 919 236 novas
938 209 969 237 in
984 206 1149 251 Casiiopoea
1174 208 1454 252 conspexit,nomica

111 251 233 282 quarum
251 245 314 276 duae
333 247 426 278 adhuc
443 259 539 279 extant
556 271 566 285 ‚
595 250 685 281 tribus
701 248 817 292 reliquis
836 251 970 280 extitistis
992 263 999 281 :
1021 249 1068 282 sed
1093 261 1148 282 tres
1169 263 1251 283 novae
1276 253 1343 285 sexti

110 284 221 316 ordinis
242 288 281 319 ibi
298 289 436 323 visuntur.
784 300 787 302 '

158 330 185 359 V
196 332 209 359 1
221 333 269 362 11.
304 333 478 376 Complures
495 333 562 365 alias
578 336 620 365 D.
636 334 761 367 Maraldi
772 359 782 372 ,
805 337 905 380 easque
921 348 1047 369 recentes
1060 340 1089 368 in
1109 338 1171 369 aliis
1184 338 1345 371 Asterismis

110 369 297 419 observavit,
321 388 388 419 quas
406 380 434 407 in
458 378 513 407 hoc
542 377 647 421 scripto
664 378 800 422 designat.
826 382 870 411 Ac
888 381 973 424 plera:
996 393 1029 412 ue
1047 384 1106 422 ejus
1128 384 1239 424 generis
1255 393 1348 414 muta-

111 422 205 462 tiones
226 419 256 447 in
276 418 325 448 vii
343 419 433 450 laste&
455 423 637 463 contigerunt
658 444 669 458 ,
702 434 769 465 quas
793 435 920 455 accurate
940 394 1065 466 deiignar
1089 436 1096 455 :
1115 425 1178 456 duae
1197 428 1277 456 navis
1297 437 1349 456 ex-

109 459 217 489 tincstae.
257 462 331 503 Qae
350 462 399 493 fita
415 464 454 494 est
476 467 504 494 in
527 465 619 495 Canis
637 466 762 496 auricula
780 489 789 502 ,
817 467 945 498 Medufae
966 468 1066 499 itidem
1089 467 1173 499 stellae
1197 467 1259 499 sunt
1286 480 1350 499 rnu-

110 502 269 534 tationibus
297 505 432 537 obnoxiae
455 518 462 540 3
495 519 571 538 nova
600 506 758 553 Cassiopcae
777 509 793 540 ὲ
815 511 957 552 Tychone
981 510 1152 547 observata,
1179 522 1234 542 tres
1254 512 1350 555 Cygni

110 541 199 573 stella:
214 568 224 581 ,
244 557 306 589 quae
325 548 422 592 saepi'us
448 550 497 581 sub
517 552 701 593 conspeekum
721 564 880 589 venerunt,
901 557 930 585 ὅ(
954 554 969 584 ὲ
986 555 1140 597 εοηῖρεᾶιι
1165 555 1262 585 nostro
1276 567 1350 586 evo-

109 583 206 618 larunt
225 611 235 624 ,
265 602 296 621 ac
321 591 438 623 demum
460 605 622 625 memoratae
640 594 724 625 stellae
747 598 776 626 in
797 598 934 640 Seipente
957 600 985 628 ὅ(
1009 598 1195 640 διερεηῐεπίο
1210 620 1218 632 ,
1233 610 1310 628 nova
1331 597 1348 627 ὶ

112 629 240 672 Keplero
259 635 289 664 in
313 634 383 665 tibi&
403 639 578 680 serpentarii
599 637 656 668 visa
672 660 682 674 ,
704 638 747 669 hae
765 664 774 676 ,
799 641 916 683 inquam
931 663 941 677 ‚
963 651 1062 671 omnes
1084 639 1129 671 via
1148 640 1237 671 laitea
1255 644 1348 673 conti-

111 681 226 704 nentur.

157 718 229 750 IX.
266 722 304 750 D.
331 721 453 754 Maraldi
480 724 526 755 die
554 736 588 756 12
612 725 752 757 Februarii
780 725 932 769 Epistolam
956 727 1024 768 legit
1051 728 1091 758 D.
1118 725 1227 758 Caffini
1253 726 1349 757 datam

112 758 254 792 Bononiae
277 772 310 792 ιε
326 764 470 806 januarii.
497 771 529 798 In
552 780 583 798 ea
605 771 723 811 quidem
747 769 868 812 Epistola
887 770 968 801 lincae
992 771 1185 805 Mundum,
1209 782 1294 812 quam
1319 773 1350 800 in

111 800 235 835 Ecclesia
262 807 291 836 S.
317 808 444 839 Petronii
460 810 531 841 olim
553 812 745 843 delineaverat
761 835 770 847 ,
791 811 961 855 positionem
986 813 1000 842 ἐι
1027 814 1052 843 sc
1071 813 1248 856 exploratam
1267 824 1350 843 corn-

112 854 264 878 memomt.
291 851 324 880 ld
338 853 413 881 enim
436 852 543 896 platuit
559 858 680 897 experiri
697 867 731 885 an
749 855 822 886 forte
843 868 891 898 per
911 869 953 895 40
973 868 1064 886 annos
1083 855 1191 897 aliquid
1214 858 1353 886 mutatio-

111 890 157 918 nis
174 891 325 923 accidisset.
351 896 392 924 Ex
416 895 491 926 Solis
513 897 665 928 altitudine
685 909 749 929 ante
776 902 805 929 δι’
827 900 886 942 post
909 900 1057 929 meridiem
1081 900 1188 942 sumpta
1211 900 1351 942 puntstum

112 930 205 973 ipsum
226 935 328 965 media:
347 938 402 967 diei
416 950 450 967 eo
470 939 530 982 ipso
550 952 699 971 momento
714 967 721 976 ‚
746 952 804 982 quo
828 941 903 971 Solis
921 953 1052 972 centrum
1072 942 1143 972 hanc
1159 942 1263 971 lineam
1284 945 1352 972 atti-

112 977 156 1015 git
175 977 371 1010 meridianam
386 1003 395 1016 ‚
416 983 536 1016 invinit.
562 984 594 1014 Id
614 984 663 1025 ipsi
685 985 894 1027 perjucundum
919 985 972 1015 fuit
991 1007 1000 1020 ‚
1021 984 1099 1026 quod
1119 984 1268 1015 manifeste
1284 986 1352 1015 hinc

112 1016 234 1059 liqueret
259 1033 300 1057 40
324 1035 466 1055 annoium
492 1027 580 1069 spatio
599 1027 708 1057 nullam
724 1031 912 1058 variationem
934 1027 1070 1058 accidisse.
1097 1029 1168 1058 Non
1186 1027 1285 1058 eadem
1303 1039 1352 1058 oc-

110 1065 201 1093 currit
220 1066 363 1097 evidciitii
383 1073 410 1097 in
437 1080 566 1100 examine
594 1070 674 1102 lincae
696 1071 860 1101 meridianae
883 1071 897 1101 ὲ
915 1072 1057 1112 Tychone
1079 1070 1152 1101 olim
1175 1071 1353 1113 Vraniburgi

112 1103 264 1147 dt'fignatae
281 1131 290 1143 ‚
315 1121 400 1151 quarn
417 1113 455 1141 D.
470 1113 570 1144 Picatd
586 1114 707 1144 multum
729 1114 867 1144 diversam
884 1113 899 1143 ὲ
915 1126 978 1145 vera
1001 1116 1112 1144 invenit
1130 1127 1137 1145 :
1154 1113 1225 1143 adeo
1247 1125 1277 1145 ut
1295 1115 1353 1144 du-

111 1145 248 1181 bitaverit
261 1163 295 1181 an
313 1156 408 1194 potius
419 1155 572 1187 discrimen
592 1157 662 1188 illud
676 1159 827 1198 Tychonis
840 1156 1084 1188 observationibus
1095 1182 1105 1196 ,
1123 1168 1210 1200 quain
1223 1157 1275 1188 ulli
1289 1168 1351 1199 quae

111 1192 247 1224 acciderit
266 1199 417 1228 vaiiationi
435 1197 500 1229 «ΠΕ-ε
521 1200 679 1232 tribuenda.

162 1237 202 1267 X.
240 1239 331 1278 Qod
352 1239 388 1270 ad
412 1240 493 1272 situm
513 1246 572 1284 ejus
587 1243 668 1274 limae
687 1243 849 1274 meridianae
870 1242 1059 1274 horizontalis
1077 1242 1181 1286 spi-&at
1195 1269 1203 1281 ,
1219 1242 1246 1273 id
1268 1253 1354 1272 com-

111 1281 187 1321 perit
212 1281 252 1310 D.
266 1281 375 1312 Caffini
391 1306 399 1318 ‚
417 1284 476 1314 duo
500 1297 559 1326 ejus
581 1285 662 1317 lincae
680 1297 806 1316 extrema
819 1308 828 1321 ,
851 1289 881 1316 ἃ
903 1285 966 1316 loca
987 1290 1015 1316 in
1031 1286 1133 1329 quibus
1149 1287 1331 1329 AEquinoffla
1343 1307 1353 1321 ‚

114 1325 147 1353 ὅ(
167 1322 281 1354 solstitia
299 1324 360 1355 sunt
379 1325 522 1369 designata
537 1350 546 1363 ,
570 1329 604 1358 ad
620 1330 740 1359 eandem
761 1328 890 1358 libellam
911 1331 980 1359 citra
992 1328 1081 1359 ullam
1096 1332 1284 1359 mutationem
1299 1325 1354 1358 effe

114 1363 204 1406 posita
225 1379 231 1396 :
255 1366 347 1397 sedin
372 1371 406 1398 iis
428 1369 498 1399 locis
513 1393 520 1405 ,
544 1382 606 1411 quae
630 1371 774 1402 columnis
797 1371 938 1401 fornicem
962 1371 1158 1401 sustinentibus
1181 1372 1243 1401 sunt
1261 1370 1354 1401 finiti-

112 1417 158 1438 mi
174 1430 183 1442 ‚
204 1408 233 1438 id
248 1409 436 1442 deoithmdit
451 1412 640 1444 meridianam
664 1414 754 1445 tribus
771 1413 854 1444 lineis
874 1411 946 1443 infra
961 1412 1089 1444 libellam
1111 1413 1164 1443 effe
1182 1413 1352 1456 depreffam,

112 1450 190 1491 quali
207 1455 406 1494 pavimentum
422 1455 456 1486 ab
468 1455 531 1498 ipsis
543 1457 685 1488 columnis
698 1480 708 1493 ,
727 1468 789 1500 quae
810 1467 905 1487 tamen
921 1455 983 1487 sunt
994 1455 1184 1487 vetust1ffifflae
1200 1479 1208 1491 ι
1229 1456 1351 1499 ΡΜΠῙΠὉ

114 1493 221 1525 ἱιηίῖἐῐ.
246 1497 326 1526 Nam
342 1509 440 1528 murus
456 1521 464 1533 ,
488 1502 536 1541 qui
558 1512 591 1530 ex
613 1512 672 1531 uno
694 1501 779 1531 latere
798 1497 941 1530 fornicem
962 1502 1052 1542 tangit
1071 1522 1080 1535 ‚
1109 1510 1184 1530 nunc
1205 1498 1220 1528 ὲ
1243 1499 1353 1530 fornice

114 1537 209 1567 multo
228 1538 350 1582 amplius
378 1541 526 1572 divellitur
550 1565 559 1577 ‚
591 1555 677 1585 quam
698 1542 729 1574 fit
748 1543 827 1573 lineae
853 1542 1018 1573 meridiana·
1036 1541 1187 1586 depressio.
1222 1544 1262 1573 Ex
1285 1545 1355 1585 qui-

111 1578 167 1610 bus
187 1580 257 1612 illud
279 1581 426 1619 efficitur,
450 1596 508 1614 non
535 1589 646 1628 penitus
675 1586 851 1618 credendum
877 1584 1066 1616 :edificiorum
1085 1608 1093 1620 ,
1122 1584 1274 1624 firmitati,
1304 1586 1354 1617 ubi

114 1622 152 1653 de
168 1625 377 1657 Astronomicis
393 1627 640 1660 observationibus
659 1632 753 1672 agitur
767 1651 777 1664 ,
799 1628 846 1659 sed
863 1631 946 1659 certis
960 1628 1138 1673 temporibus
1158 1639 1204 1659 eas
1221 1631 1354 1660 renovari

114 1678 259 1710 oportere.

164 1713 228 1743 XI.
267 1713 345 1742 Cum
372 1712 407 1743 de
432 1712 614 1745 reformanda
635 1714 714 1746 orbis
740 1719 845 1747 terreni
873 1714 971 1746 charta
994 1715 1146 1746 universali
1173 1714 1276 1747 menfis
1301 1718 1355 1747 Fe:

117 1753 226 1785 bruarii
243 1755 290 1786 die
312 1767 328 1792 9
354 1767 484 1798 ageretur
499 1780 508 1793 ,
533 1759 572 1787 D.
590 1759 639 1789 De
656 1758 681 1788 la
698 1760 772 1790 Hire
793 1759 823 1790 id
840 1758 890 1790 fibi
906 1757 1062 1802 persuasum
1079 1759 1170 1790 aiebat
1184 1758 1352 1790 Lutetiam&

117 1801 213 1840 ptimo
229 1798 388 1829 meridiano
400 1811 459 1830 non
473 1800 595 1842 amplius
609 1824 618 1837 ,
637 1802 723 1844 quim
736 1802 869 1843 gradibus
885 1814 921 1833 20
942 1813 953 1840 3
976 1805 1047 1832 min.
1065 1802 1175 1833 distare.
1202 1801 1352 1843 Siquidem

117 1851 154 1870 ex
172 1840 421 1873 observationibus
442 1845 471 1873 in
489 1844 609 1875 Goriaefi
629 1843 712 1876 faeiis
728 1847 755 1875 id
771 1856 949 1888 compertum
972 1845 1025 1876 fuit
1045 1847 1186 1877 Lutetiam
1205 1844 1240 1874 ab
1254 1856 1284 1873 ea
1313 1856 1350 1883 ¹9

117 1892 230 1914 tantum
248 1884 383 1927 gradibus
401 1886 436 1916 ad
461 1898 557 1917 ortum
573 1890 725 1918 removeri.
754 1889 889 1930 Cumque
912 1889 971 1919 haec
992 1887 1080 1919 inlula
1101 1888 1226 1930 respeCku
1253 1886 1351 1917 insulae

119 1926 251 1966 Diserta
274 1927 324 1958 ubi
347 1931 453 1970 primus
481 1931 655 1962 meridianus
679 1932 882 1966 constituitur,
910 1930 925 1960 ἓι
949 1934 1150 1974 Septeiitrionc
1163 1933 1192 1960 in
1216 1930 1353 1961 Austrum

120 1970 196 2012 pene
212 1970 349 2013 dirigatur
362 1994 371 2006 ,
391 1982 451 2003 non
470 1974 591 2017 amplius
614 1985 699 2016 quam
719 1986 792 2005 unus
814 1974 918 2017 gradus
937 1985 1002 2005 cuni
1026 1985 1065 2013 30
1079 1976 1148 2004 min.
1165 1971 1355 2016 longitudinis

120 2014 198 2044 inter
214 2024 361 2056 utramque
376 2014 498 2046 insulam
519 2020 707 2060 intercipitur.

164 2058 265 2088 XII..
301 2058 359 2087 Die
377 2070 408 2097 ¹7
432 2060 604 2091 Decembris
631 2061 671 2091 D.
688 2061 816 2092 Maraldi
841 2061 909 2102 legit
931 2059 1142 2091 observationes
1166 2058 1253 2090 factas
1274 2058 1290 2089 ὲ
1312 2060 1354 2089 D.

123 2097 235 2139 §affini
256 2102 396 2133 Bononiae
413 2124 424 2140 ‚
452 2105 485 2134 &
510 2103 527 2134 ὲ
550 2104 594 2148 D.
610 2104 765 2136 Chazelles
789 2103 921 2137 Mass'iliae
939 2105 1086 2149 postrcmae
1106 2101 1240 2145 eclipseos
1259 2128 1269 2144 ,
1294 2112 1356 2147 qux

1069 2148 1094 2179 Z
1107 2157 1124 2177 z
1153 2148 1184 2191 iij
