1638 2345
332 143 392 179 378
611 139 782 172 REGIAE
842 135 1241 171 SCIENTIARUM

215 184 303 215 ΑΝΝ.
330 182 399 213 tidis
421 182 502 214 color
525 181 551 213 se
572 183 693 225 prodit,
719 193 784 212 cum
805 191 925 224 cuprum
947 191 1006 210 non
1027 180 1099 211 adeo
1119 181 1248 214 incaluit.
1273 182 1339 214 Nec
1369 183 1440 215 verb
1462 183 1510 216 ille
1534 184 1551 215 ὲ
1576 199 1598 206 ·-

218 232 306 267 1696.
330 224 462 269 sulphure
473 249 482 261 ,
497 237 528 257 ut
546 224 702 266 loquuntur
713 247 722 260 ,
737 226 816 267 cupri
839 222 1046 266 proficiscitur,
1062 223 1169 267 alioqui
1187 228 1217 256 in
1235 225 1366 257 diuturna
1382 225 1490 258 fusione
1505 239 1550 258 to-

328 279 389 299 rum
415 268 487 300 illud
510 268 646 310 sulphur,
661 279 727 298 cum
742 266 774 298 fit
797 265 930 302 volatile,
945 265 1040 308 fugam
1058 267 1209 310 capesseret
1233 291 1242 304 ‚
1263 280 1350 313 cupro
1368 271 1478 312 penitus
1499 269 1549 300 de-

325 312 430 343 structo
446 335 455 348 ‚
479 323 509 342 ac
530 309 609 340 fieret
631 309 704 341 illud
719 309 799 353 quod
819 320 940 352 cuprum
967 310 1058 340 ustum
1072 321 1177 342 vocant
1191 336 1200 350 ,
1223 313 1300 354 quod
1313 315 1409 354 utiquc
1425 323 1490 343 cum
1503 324 1550 343 cx-

320 366 457 397 pcrientia
477 365 536 384 non
553 364 697 384 convenit.

372 402 408 430 V.
436 399 568 432 Aurum,
587 407 618 426 ut
638 396 748 427 dietum
762 397 821 432 est,
846 395 958 428 nullum
982 396 1022 427 sui
1049 396 1189 428 indicium
1213 401 1242 429 in
1265 402 1330 440 igne
1353 397 1481 440 praebet:
1504 397 1551 430 scd

317 440 380 471 dure
406 441 467 472 sunt
489 439 565 471 illius
590 439 671 470 dotes
689 443 834 483 praecipuae
849 462 859 475 ‚
882 442 912 470 δι
935 439 986 483 ipfi
1025 439 1159 472 eculiares
1179 463 1188 476 ‚
1213 442 1292 483 quod
1313 442 1452 471 nimirum
1477 440 1551 472 nihil

315 487 463 514 minuatur
489 486 518 513 in
544 481 641 513 catillo
663 485 799 520 cinereo,
821 482 866 513 scu
882 485 911 513 iri
932 451 1042 526 cupella
1061 505 1070 518 ,
1094 483 1143 514 ubi
1165 495 1230 514 cum
1252 483 1374 526 plumbo
1395 483 1548 519 miscetur,

316 538 367 556 nec
387 529 418 557 in
443 526 610 569 probatione
632 537 678 556 aut
699 525 810 569 cupella
824 528 975 556 antimonii
993 539 999 557 :
1023 524 1074 556 alia
1101 526 1218 568 quidem
1241 526 1356 557 metalla
1377 538 1441 557 cum
1455 526 1551 568 plum-

317 569 355 599 bo
381 569 535 600 miscentur
560 573 588 600 in
605 569 701 600 catillo
715 594 722 606 ,
754 572 784 599 &
804 568 978 600 calcinanrur
991 591 1000 604 ‚
1021 578 1052 599 ut
1075 569 1226 612 plumbum
1243 592 1250 604 ,
1270 570 1349 612 quod
1367 568 1450 599 facil&
1464 574 1493 600 in
1507 572 1552 600 vi.

315 623 391 643 trum
416 612 475 644 abit
496 635 505 648 ,
523 624 624 644 corum
647 611 785 642 fusionem
807 611 942 642 acceleret
957 634 966 647 ‚
987 623 1073 654 eaque
1095 614 1124 642 in
1142 614 1247 643 vitrum
1272 612 1371 643 iiidcm
1394 623 1551 645 convertat.

316 657 393 687 Cum
414 667 507 687 aurem
521 657 587 686 vitri
599 654 726 697 plumbei
740 666 802 698 pars
816 654 904 686 catilli
919 654 1058 697 spongiosi
1069 666 1176 686 meatus
1187 654 1280 686 subeat
1292 655 1366 690 ,unffi
1377 654 1492 686 subcunt
1504 657 1552 685 vi-

318 710 359 729 tta
382 699 505 730 aliorum
526 698 729 733 metallorum,
751 697 847 728 saltem
867 710 900 729 cx
927 709 1005 740 parte
1031 697 1071 728 sui
1091 698 1205 740 aliqua:
1225 698 1303 740 quod
1319 698 1436 741 superest
1456 698 1552 740 plum-

319 741 350 772 bi
364 764 373 777 ,
397 745 424 773 in
438 741 598 773 densiorem
622 741 678 772 abir
696 742 808 771 fumum
822 765 831 779 ,
851 744 882 771 ὃ(
901 741 992 772 secum
1014 743 1094 773 vehit
1112 739 1191 783 quod
1211 741 1353 783 reliquum
1372 752 1429 771 irat
1442 752 1475 771 ex
1490 741 1552 772 aliis

321 785 443 816 metallis
464 789 520 826 jam
553 784 708 816 virrcfiffis
723 806 731 819 ,
755 788 784 815 ὅ(
812 783 934 825 plumbo
956 783 1121 816 levioribus.
1144 786 1255 815 Aurum
1276 784 1345 814 vcro
1370 782 1402 813 ιέι
1428 786 1500 826 ignis
1523 787 1553 815 vi

323 830 353 857 in
377 832 482 859 vitrum
505 840 563 859 non
579 826 685 859 faceil'it
701 849 710 862 ‚
738 838 789 857 nec
807 826 822 856 ὲ
843 826 964 869 plumbo
987 829 1061 857 intra
1081 826 1210 858 catillum
1233 849 1241 862 ‚
1257 838 1308 856 nec
1333 830 1362 858 iii
1381 826 1491 857 fumum
1507 828 1551 857 ef-

322 868 413 901 fertur
433 893 442 906 ,
468 874 510 901 uti
534 881 585 900 nec
603 881 751 912 argentum
775 871 803 900 in
827 869 938 913 cupella
956 870 1080 901 vitrescit
1097 895 1106 909 ,
1129 881 1176 901 aur
1191 872 1220 900 in
1244 869 1355 901 fumum
1373 869 1499 901 difflaiur
1511 869 1551 900 ob

325 912 436 944 casdem
459 916 592 946 rationes.

370 959 396 986 V
410 960 432 989 1.
459 958 491 986 In
509 956 618 999 cupella
638 959 790 988 antimonii
818 958 920 987 cumsta
944 955 1074 992 metalla,
1102 968 1137 987 ne
1155 968 1273 998 argento
1286 956 1402 1000 quidem
1423 967 1553 999 excepto,

324 1001 536 1031 imminuuntur¹
551 1013 557 1030 :
575 1011 678 1042 magna
699 1004 804 1044 quippe
828 1002 910 1043 copia
929 999 1002 1031 acidi
1028 999 1145 1042 liquoris
1159 1022 1168 1035 ,
1187 1012 1248 1043 qua:
1270 1002 1420 1031 ammonii
1435 998 1553 1042 sulphu-

325 1045 348 1072 ri
364 1043 432 1074 inest
449 1065 458 1078 ,
478 1042 591 1074 metalla
610 1043 694 1074 solvit
712 1066 720 1079 ‚
748 1047 776 1074 δέ
797 1046 934 1074 minutius
954 1043 1079 1073 concidit
1102 1057 1109 1075 2
1129 1043 1206 1073 unde
1228 1042 1339 1074 crassioi·
1357 1043 1496 1084 sulphuris
1509 1042 1553 1073 fu-

323 1096 386 1116 mus
413 1089 443 1116 &
466 1085 553 1128 reguli
574 1089 725 1117 antimonii
751 1098 782 1116 ea
803 1085 914 1117 facilius
932 1088 962 1116 in
981 1084 1101 1116 sublime
1124 1086 1209 1116 tollit.
1229 1087 1285 1116 Sed
1305 1098 1370 1116 cum
1391 1086 1484 1127 liquor
1503 1085 1552 1116 ille

324 1128 422 1160 acidus
442 1133 500 1160 vim
519 1129 719 1160 tantummodo
740 1128 839 1159 habeat
855 1140 932 1170 aquce
952 1127 1056 1164 fortis,
1081 1140 1138 1159 non
1165 1132 1232 1159 irem
1251 1141 1329 1172 aqum
1345 1129 1443 1171 regalis
1457 1151 1466 1164 ,
1489 1139 1551 1171 qua:

324 1171 381 1200 soii
396 1184 497 1203 aurum
518 1172 645 1203 dillolvir
657 1195 665 1207 ‚
685 1183 786 1203 aurum
801 1171 919 1202 illaesum
938 1170 1072 1214 relinquit
1083 1194 1091 1208 ,
1106 1171 1184 1214 quod
1195 1174 1278 1202 cmm
1290 1176 1401 1214 gravius
1412 1173 1449 1202 ‹st
1463 1184 1552 1214 quam

323 1214 384 1244 ur&
406 1215 487 1246 fumo
505 1217 657 1246 antimonii
682 1215 788 1246 sursum
812 1218 944 1258 rapiatur.
973 1217 1093 1256 Argenti
1112 1214 1182 1245 vero
1207 1214 1290 1245 soluti
1317 1215 1351 1245 ab
1376 1216 1457 1246 acido
1480 1218 1555 1245 anti-

324 1261 415 1288 monii
436 1270 526 1302 partes
547 1258 647 1300 aliquae
672 1257 707 1289 fic
729 1262 757 1289 in
781 1257 893 1288 fumum
917 1258 1018 1288 abeunt
1042 1258 1097 1288 unii
1116 1269 1180 1288 cum
1197 1257 1287 1300 reguli
1312 1261 1463 1288 antimonii
1489 1270 1554 1300 par-

322 1300 417 1331 ticulis
439 1313 497 1331 non
518 1301 612 1331 solutis
629 1323 639 1336 ,
665 1313 694 1331 ut
711 1304 738 1331 iu
755 1304 851 1343 ignem
879 1305 908 1330 δε
936 1302 1115 1340 (ἰιςιιῃηιᾶ.ι
1136 1300 1196 1330 loca
1221 1301 1353 1331 decidant
1378 1324 1387 1336 ‚
1413 1312 1463 1331 nec
1487 1312 1553 1342 pcr-

321 1353 396 1373 cant.
425 1345 488 1374 Dos
509 1343 597 1374 altera
617 1347 678 1373 auti
696 1366 705 1379 ,
729 1346 812 1385 eique
834 1346 949 1386 propria
973 1344 1032 1372 haec
1058 1344 1095 1373 cst
1110 1365 1118 1377 ,
1142 1343 1221 1384 quod
1244 1355 1317 1374 certa
1344 1347 1452 1373 ratione
1481 1355 1552 1386 pin:-

320 1397 467 1427 patarum,
489 1397 554 1416 cum
573 1397 677 1421 arem,
696 1397 742 1416 aur
768 1385 889 1417 filicibus
910 1384 1054 1416 calciuatis
1080 1388 1243 1427 permistum
1260 1409 1268 1421 ‚
1297 1390 1324 1416 ὃ(
1348 1387 1404 1416 unia
1429 1397 1491 1416 cuni
1517 1391 1552 1416 iis

319 1426 413 1459 fiisum
438 1428 558 1472 pulchro
584 1432 613 1459 δ(
642 1429 730 1460 rubeo
755 1429 851 1460 colore
874 1440 905 1458 ea
926 1431 1025 1470 tingat.
1049 1430 1119 1459 Auri
1138 1427 1173 1458 s1c
1187 1429 1304 1470 parandi
1320 1432 1392 1459 ratio
1411 1428 1444 1458 ad
1461 1440 1551 1460 artam

319 1473 614 1514 vitrariampcrtiner‚
633 1482 718 1512 quam
731 1471 856 1503 dilucide
869 1473 899 1502 in
915 1470 1161 1502 suadiss'crtatione
1178 1472 1307 1514 exposuit
1324 1473 1364 1502 D.
1389 1472 1552 1514 Honvbcig,

364 1518 388 1544 V
402 1518 448 1548 11.
476 1515 557 1546 Idem
570 1515 716 1546 occasione
739 1515 803 1546 data
813 1515 850 1546 de
873 1518 994 1557 gemmis
1017 1512 1131 1544 factitiis
1155 1515 1270 1557 copiose·
1286 1514 1410 1545 dillei‘uit
1428 1536 1437 1549 ‚
1459 1525 1521 1555 quae
1539 1515 1555 1545 ὲ

319 1560 441 1589 vinariis
463 1569 521 1590 tam
550 1559 614 1601 apt&
638 1557 734 1600 effingi
760 1557 876 1592 solent,
898 1568 928 1588 ut
955 1555 1015 1587 solo
1038 1557 1151 1600 asped'tu
1168 1556 1184 1586 ὲ
1207 1560 1338 1599 genuinis
1358 1558 1479 1588 discerni
1504 1560 1552 1588 vix

321 1600 425 1643 poffiur
444 1623 454 1637 ‚
472 1603 542 1633 adeo
565 1604 689 1632 nativam
720 1603 820 1631 (iarum
843 1599 1067 1643 perspicuitatem
1093 1623 1102 1635 ,
1127 1603 1156 1630 &
1184 1600 1288 1631 coloris
1309 1599 1491 1642 splendorem
1511 1612 1553 1631 εε-

320 1643 486 1684 mul-intur;
509 1645 624 1675 durities
640 1643 840 1675 tantummodo
863 1654 1041 1686 gemmarum
1060 1641 1175 1673 factitiis
1187 1642 1269 1674 deest.
1305 1645 1344 1673 Ex
1359 1646 1390 1674 iis
1409 1642 1470 1674 aliae
1489 1644 1552 1675 sunt

320 1690 474 1718 teneriores
492 1690 567 1719 vitro
589 1690 737 1718 communi
755 1709 764 1722 ‚
782 1686 843 1716 alin:
862 1689 928 1717 vitri
953 1686 1088 1716 duritiem
1118 1697 1248 1727 aequant,
1269 1685 1329 1717 aliae
1349 1686 1471 1728 denique
1498 1685 1551 1717 sili-

319 1741 382 1760 cum
399 1730 530 1761 duritiem
555 1729 753 1771 affiqmmrur,
775 1733 835 1760 imo
862 1732 892 1760 δε
915 1728 1077 1771 Sinar.1gdis
1102 1728 1166 1759 sunt
1186 1727 1347 1763 fiimiorcs,
1373 1729 1551 1760 carbunculis

319 1775 366 1802 vix
389 1773 548 1804 inferiores.
578 1774 700 1804 Caercris
728 1784 821 1803 mmet]
842 1775 963 1815 gemmis
985 1775 1088 1802 nativis
1107 1774 1136 1801 'in
1157 1771 1260 1802 duritie
1273 1772 1376 1802 cedunt
1391 1783 1490 1802 omncs
1508 1771 1550 1802 fa-

321 1817 414 1845 ‹stirian
435 1816 494 1858 Ipsi
518 1815 688 1858 compositio
706 1827 737 1845 ex
757 1819 879 1859 partium
906 1816 1143 1857 componentium
1158 1839 1167 1852 ‚
1187 1824 1248 1855 quae
1271 1813 1376 1845 scilicet
1398 1817 1465 1846 vitri
1485 1825 1550 1845 cor-

319 1869 371 1901 pus
390 1858 567 1901 suppeditant
585 1881 592 1893 ,
616 1871 661 1889 aut
686 1858 808 1889 findunt
822 1881 831 1894 ‚
851 1869 897 1889 aut
919 1869 1051 1901 optatum
1071 1856 1202 1887 colorem
1226 1857 1352 1900 piutbem
1368 1880 1378 1893 ,
1403 1869 1467 1901 apra
1479 1869 1550 1900 pra:-

319 1903 467 1944 paratione
490 1902 604 1944 pendet.

368 1946 463 1975 Arena
489 1944 552 1975 alba
576 1945 626 1976 hac
653 1947 680 1973 in
705 1947 869 1986 operatione
900 1944 1020 1974 minime
1045 1942 1183 1974 utendum
1205 1943 1244 1973 est
1263 1965 1273 1978 ‚
1304 1941 1411 1973 mmetfi
1431 1943 1547 1984 crystal-

320 1985 340 2016 li
363 1985 473 2017 laminis
496 1990 591 2017 vitreis
620 1986 725 2017 utiliter
752 1986 902 2017 adhibetur
924 1999 932 2022 ·,
966 1990 1015 2028 qui
1038 1990 1114 2017 cuim
1135 1987 1172 2016 est
1198 1986 1280 2016 color
1305 1989 1332 2015 in
1360 1989 1453 2028 granis
1482 1989 1546 2027 qui-

319 2029 436 2059 busdam
461 2041 550 2059 arcun:
573 2028 744 2063 metallicis,
765 2030 812 2059 has
839 2029 956 2060 laminas
977 2041 1024 2060 aur
1043 2028 1151 2071 specula
1173 2040 1230 2059 non
1254 2027 1366 2063 inficit,
1388 2027 1546 2058 dummodo

319 2075 425 2102 vitrum
452 2071 483 2103 fir
504 2072 679 2115 pellucidum
703 2098 711 2108 ‚
740 2082 791 2102 nec
827 2072 907 2102 color
932 2071 992 2114 plus
1021 2072 1085 2102 satis
1109 2073 1233 2101 emineat
1259 2096 1266 2106 ‚
1297 2075 1368 2115 quin
1403 2075 1432 2102 &
1464 2069 1546 2101 color

318 2114 366 2146 illc
390 2115 477 2147 dclcti
506 2117 596 2161 potest
617 2137 627 2152 ‚
651 2126 696 2148 aut
719 2117 849 2147 imminui
871 2114 1000 2147 adhibito
1029 2114 1114 2146 solito
1139 2114 1331 2147 medicamine
1353 2136 1363 2151 ,
1394 2124 1439 2145 aut
1465 2124 1544 2156 mag-
