1638 2345
216 184 307 214 ANN.

220 233 307 266 1696.

333 142 399 181 380
631 140 798 173 REGIAE
847 138 1250 174 SCIENTIARUM

375 185 455 215 Huic
481 184 671 216 incommodo
693 182 816 215 artifices
837 195 868 215 ea
886 186 997 215 ratione
1018 183 1126 216 mederi
1145 195 1286 228 coguntur
1313 198 1320 217 ε
1352 185 1419 219 ferri
1440 189 1559 234 superfi-·

330 229 404 258 ciem
423 226 522 270 gladio
541 227 577 259 ad
602 227 675 257 hanc
700 238 762 258 rem
785 226 892 259 idoneo
913 230 997 259 variis
1019 231 1049 258 in
1069 226 1138 259 locis
1157 228 1290 260 incidunt
1311 239 1319 262 ὅ
1341 240 1372 259 ac
1397 229 1558 275 frequentes

330 271 459 302 incisurae
481 273 511 302 ὅ(
532 269 645 301 subtiles
662 269 715 300 esse
726 269 831 302 debent
851 282 859 306 3
877 281 939 302 tum
955 273 984 301 in
995 270 1182 303 calidioribus
1198 271 1340 303 cineribus
1351 271 1457 306 ferrum
1466 275 1503 306 fic
1513 288 1558 307 re-

328 324 439 357 ponunt
452 336 461 350 ‚
482 324 512 344 ut
526 312 582 343 levi
594 312 729 344 rubedine
741 313 860 345 linteum
874 312 959 358 poffit
975 313 1086 345 afficere
1104 326 1112 349 3
1131 315 1221 359 scopis
1233 315 1350 358 abigunt
1365 315 1470 349 sordes.
1494 320 1557 350 Pri-

326 368 408 388 mum
439 358 497 387 auri
520 355 623 387 folium
650 379 659 392 ‚
692 356 778 401 idque
799 356 1009 389 crassiusculum
1034 358 1222 390 instrumento
1240 357 1412 403 politoribus
1431 359 1533 393 ufimto
1547 385 1557 398 ,

327 399 415 442 vulgo
438 399 584 440 Brumffn'r
609 423 617 434 ,
643 398 678 430 sic
691 400 856 443 applicant,
876 413 906 432 ut
924 405 998 432 intra
1016 401 1148 432 incisuras
1169 401 1263 433 subeat
1280 425 1288 438 ,
1313 403 1414 433 horum
1430 403 1558 448 cuspides

325 453 450 474 extantes
467 440 568 473 folium
587 446 647 474 auri
669 447 754 474 variis
770 447 799 475 in
815 444 885 476 locis
897 444 1071 488 pertundunt
1086 467 1094 480 ,
1106 456 1169 486 quae
1187 445 1289 476 eodem
1305 446 1494 477 instrumento
1507 446 1557 478 de-

324 486 421 526 preffae
434 508 444 521 ‚
465 484 542 528 quasi
561 485 681 517 totidem
698 487 806 518 humuli
828 486 930 518 folium
953 489 1012 518 auri
1027 488 1175 529 stringunt.
1199 491 1362 531 Antequam
1375 492 1434 519 auti
1453 489 1557 521 folium

325 526 400 559 ferio
421 529 580 572 applicetur
594 555 600 565 ‚
621 530 675 559 hoc
698 531 862 561 incalescere
875 529 981 561 necesse
996 531 1035 561 est
1050 553 1059 566 ‚
1080 541 1140 561 tum
1165 542 1195 561 ut
1210 532 1330 574 expellat
1346 535 1410 562 ae'ra
1424 534 1497 563 intra
1511 535 1557 563 in-

324 571 427 603 cisuras
444 570 585 602 inclusum
606 584 613 607 3
634 572 710 603 smus
726 576 803 605 enim
824 585 923 604 aurum
939 573 1028 604 subire
1048 585 1106 604 non
1129 573 1216 615 poss'et
1235 588 1242 606 ι
1263 585 1323 605 tum
1340 578 1423 605 etiam
1441 585 1471 606 ut
1488 587 1557 619 pau-

325 613 415 645 lulum
434 614 588 646 dilatentur
604 618 662 646 inci
677 628 731 647 urse
745 639 754 653 ,
773 620 803 649 in
815 617 916 660 quibus
937 619 1100 648 remittente
1113 616 1206 648 calore
1219 629 1320 648 aurum
1336 621 1474 661 premitur
1497 629 1558 650 arc-

324 660 378 688 tius
392 681 399 693 ,
421 662 452 690 &
474 660 609 689 retinetur
633 657 753 692 firmius.

372 703 450 733 Huic
468 701 538 731 folia
557 702 610 732 alia
631 705 760 733 tenuiora
781 702 914 745 deinceps
932 715 1114 747 apponuntur
1137 725 1146 738 ‚
1175 713 1206 733 ac
1231 702 1281 734 fibi
1305 704 1408 734 mutuo
1433 704 1557 747 aggluti-

324 754 428 775 nantur
442 771 450 784 ‚
477 743 557 786 quod
575 748 722 787 proximus
745 745 777 776 fit
798 749 828 776 &
847 750 1028 778 immediatus
1051 747 1203 778 contactus.
1233 748 1362 786 Qiidun
1385 747 1506 777 artifices
1526 759 1556 779 ut

324 786 417 818 labori
433 798 546 831 parcant
560 813 568 822 ‚
591 793 621 820 δε
642 792 763 832 tempori
777 811 787 824 ‚
814 788 921 820 ferrum
941 790 1008 821 lima
1023 789 1223 821 tantummodo
1241 802 1394 833 piaeparant
1408 804 1414 821 ς
1431 790 1476 821 sed
1490 801 1556 823 cum

324 841 382 860 non
397 829 459 863 satis
475 829 536 862 altae
551 829 602 862 siut
615 832 743 862 incisurae
761 843 792 862 ac
809 835 954 874 pauciores
967 832 1021 864 iint
1039 832 1115 865 velut
1134 832 1262 864 Barbulae
1277 856 1286 869 ,
1300 845 1362 876 quoe
1378 833 1481 865 folium
1495 837 1556 866 auri

323 872 463 916 stringunt
475 897 484 910 ‚
504 876 642 904 inauratio
661 874 710 904 illa
727 875 834 906 diutius
854 886 912 906 non
936 876 1047 920 perstat.

772 1007 1031 1047 CAPUT
1095 1009 1173 1048 lv.

670 1098 720 1128 De
754 1093 907 1143 Chymicls
934 1095 1011 1130 aliis
1042 1093 1211 1131 laboribus.

322 1182 347 1210 1.
455 1180 508 1211 Uae
527 1177 653 1210 diximus
671 1189 774 1223 magna
791 1191 825 1211 ex
839 1191 916 1224 parte
931 1180 965 1212 ad
981 1181 1138 1221 Chymicas
1155 1181 1334 1224 operationes
1348 1184 1475 1212 revocari
1489 1182 1554 1225 pos.

366 1181 519 1266 Qsunt
540 1235 546 1254 :
571 1233 640 1253 nam
667 1222 786 1264 Physica
809 1227 840 1255 δε
864 1225 993 1266 Chymia
1030 1234 1092 1254 tum
1117 1234 1214 1254 natura
1240 1245 1249 1258 ‚
1275 1234 1336 1253 tum
1353 1222 1496 1260 utilitate,
1522 1229 1554 1256 &

325 1268 497 1297 tractatione
519 1265 584 1297 sunt
607 1268 771 1306 conjunCtae
785 1270 909 1298 maxime
932 1280 939 1298 2
960 1278 1026 1297 curn
1043 1278 1138 1298 tamen
1159 1270 1187 1298 in
1210 1265 1350 1310 plerisque
1372 1269 1418 1296 vix
1434 1267 1508 1297 ullus
1523 1269 1553 1299 fit

321 1319 368 1339 aut
382 1309 505 1340 furnulis
518 1330 528 1344 ‚
544 1319 590 1338 aut
603 1308 782 1340 distillationi
797 1332 806 1344 ,
824 1320 872 1340 aut
885 1309 990 1351 analysi
1012 1309 1090 1340 locus
1104 1332 1113 1345 ‚
1135 1310 1180 1340 fed
1196 1309 1327 1352 quceclam
1352 1312 1553 1341 antummodo

320 1362 476 1395 corporum
499 1349 666 1382 affectiones
689 1353 718 1381 in
740 1354 774 1382 iis
799 1352 982 1395 spedientur,
1009 1351 1045 1383 ad
1070 1351 1226 1383 naturalem
1253 1350 1395 1381 scientiam
1422 1353 1553 1385 videntur

321 1397 444 1425 omnino
468 1396 608 1437 pertinere
634 1407 641 1425 :
663 1405 740 1425 nunc
759 1405 823 1437 quae
845 1399 958 1439 propria
974 1394 1036 1425 sunt
1056 1398 1110 1426 arti
1131 1396 1290 1438 Spagyricae
1305 1419 1313 1429 ,
1337 1405 1456 1438 quaequc
1479 1400 1552 1427 intta

323 1438 404 1478 hujus
425 1439 493 1468 anni
511 1435 662 1469 decursum
684 1436 746 1468 sunt
761 1441 865 1480 agitata
881 1461 889 1473 ,
913 1437 1038 1469 breviter
1050 1449 1230 1482 exequamur.

365 1483 434 1512 Hoc
447 1492 524 1512 anno
540 1491 666 1511 vertente
683 1480 811 1523 stirpium
828 1480 948 1522 analyfis
968 1482 982 1511 ὲ
1004 1483 1044 1512 D.
1063 1481 1220 1512 Bourdelin
1238 1480 1341 1512 eodem
1358 1479 1449 1512 studio
1465 1504 1474 1518 ‚
1493 1494 1551 1525 quo

321 1536 423 1561 antea,
443 1527 473 1556 &
492 1523 592 1554 eadem
615 1522 762 1566 diligentia
786 1523 839 1556 fuit
859 1528 1023 1556 continuata
1038 1547 1047 1560 ‚
1069 1525 1104 1555 de
1120 1536 1174 1568 qua
1191 1524 1264 1555 nihil
1288 1523 1395 1556 neceffi:
1413 1527 1452 1557 cst
1475 1525 1552 1569 {igil-

322 1566 402 1599 latim
420 1566 552 1599 disserere
566 1589 574 1602 ‚
597 1577 662 1597 cum
684 1569 714 1597 in
734 1578 840 1610 magno
865 1568 1025 1599 Academiae
1041 1579 1127 1612 opere
1146 1568 1182 1598 de
1203 1566 1306 1610 plantis
1318 1570 1466 1611 praecipuae
1484 1580 1551 1601 ana-

321 1610 394 1650 lyses
408 1622 484 1642 certa
504 1612 612 1641 ratione
633 1621 664 1640 ac
685 1611 825 1642 methodo
841 1610 856 1641 ὲ
881 1612 922 1642 D.
939 1611 1053 1643 Dodart
1073 1611 1186 1654 digesta
1201 1614 1409 1642 contineantur.
1432 1613 1550 1644 Ineunte

322 1654 378 1685 hoc
406 1666 481 1684 anno
508 1653 574 1684 olea
593 1652 723 1695 quaedam
746 1653 907 1696 plantatum
935 1667 984 1698 pcr
1006 1657 1118 1685 iteratas
1143 1653 1338 1684 distillationes
1359 1658 1547 1697 expurgavit,

319 1708 421 1740 atquc,
446 1709 474 1729 ut
492 1696 650 1738 loquuntur
665 1719 674 1732 ‚
692 1696 859 1728 reetificavit
884 1711 890 1729 :
916 1709 928 1737 5
951 1701 1045 1728 uncias
1059 1698 1114 1728 olei
1140 1709 1168 1739 ¹5
1188 1701 1277 1728 unciis
1296 1707 1377 1728 ctctae
1398 1696 1468 1728 albae
1482 1710 1548 1741 per-

320 1740 431 1772 miscuit
454 1763 463 1776 ,
497 1741 555 1782 post
575 1740 643 1770 esto
663 1739 859 1772 distillationes
884 1752 894 1783 5
917 1744 1007 1771 unciae
1032 1740 1088 1771 olei
1108 1740 1142 1771 ad
1162 1740 1229 1771 duas
1250 1751 1314 1771 cum
1335 1751 1391 1770 una
1411 1740 1548 1772 drachma

319 1784 437 1814 redactae
461 1784 523 1814 sunt
550 1795 556 1817 ;
579 1782 645 1813 sales
669 1781 747 1813 simul
767 1783 868 1827 sumpti
888 1783 922 1814 ad
940 1783 1007 1815 duas
1022 1784 1170 1815 drachmas
1186 1806 1194 1819 ,
1222 1787 1251 1815 &
1273 1794 1307 1821 45
1329 1795 1425 1825 grana.
1457 1786 1547 1827 Aquae

317 1838 417 1857 omncs
439 1826 598 1857 rtchficaxae
622 1825 655 1856 ad
679 1830 790 1857 unciam
812 1838 877 1858 cum
903 1826 1008 1858 semilsc
1032 1827 1093 1859 sunt
1111 1827 1229 1858 redatssae
1248 1849 1256 1861 ‚
1281 1837 1342 1867 quae
1362 1837 1427 1857 cum
1447 1827 1546 1870 spiritu

317 1869 380 1900 salis
396 1869 594 1901 effe-thumum.
624 1871 655 1898 In
672 1880 838 1912 unaquaque
861 1869 1045 1901 distillatione
1060 1871 1155 1901 oleum
1176 1871 1332 1901 extr.·.‹stum
1350 1870 1441 1901 cidem
1463 1882 1545 1902 creta:

317 1912 456 1944 exsiccata?
479 1913 593 1944 sociavit
609 1924 614 1941 ε
644 1914 727 1954 Aqua
751 1916 779 1943 in
795 1924 962 1956 unaquaque
981 1913 1162 1946 distillatione
1176 1913 1276 1944 educta
1295 1912 1347 1944 sale
1360 1913 1472 1945 volatili
1487 1926 1545 1946 etat

317 1960 511 1999 imprzcgnata.

359 2000 495 2042 Fuliginis
515 2010 626 2044 quoque
645 1998 779 2040 analyfim
803 1999 886 2030 scmcl
909 2003 940 2030 ἃ
961 2004 1063 2031 iterum
1086 1999 1212 2044 perfecit.
1239 2003 1376 2044 anue
1393 2005 1451 2039 ejus
1464 2001 1541 2032 libra:

316 2048 344 2074 in
361 2055 474 2074 tenuem
495 2043 643 2086 pulverem
663 2045 846 2074 comminutae
859 2047 955 2074 uncias
968 2044 1086 2087 liquoris
1099 2045 1233 2075 undecim
1251 2045 1304 2074 {ale
1321 2044 1430 2075 volatili
1445 2045 1539 2080 foetas,

316 2088 388 2117 acidi
408 2098 501 2117 tamen
519 2098 577 2118 non
602 2098 730 2131 expertes
754 2085 933 2130 praebuerunt
956 2102 964 2122 5
987 2087 1043 2119 olei
1064 2099 1099 2119 ιι.
1124 2091 1219 2119 uncias
1241 2098 1307 2119 cum
1331 2086 1459 2124 semisse,
1479 2087 1540 2119 salis

318 2130 466 2162 drachmas
489 2133 626 2175 quinque.
