1638 2345
308 100 601 133 'ACADEMIAE
642 99 920 133 HISTORIA.
951 100 1048 133 Lini
1080 103 1144 136 lv.
1268 116 1278 131 s
1308 117 1318 137 ι

89 147 129 179 ita
144 147 381 177 comminuuntur
394 168 403 181 ‚
425 155 456 176 ut
478 156 591 176 tenuem
605 143 684 176 velut
705 144 813 189 pultem
826 156 894 177 cum
906 143 1019 188 liquore
1029 145 1092 189 ipso
1105 169 1115 183 ,
1135 159 1194 190 quo
1206 117 1321 182 diluuii-
1339 146 1416 184 Hist.

89 200 138 222 tur
152 211 162 224 ,
181 188 307 220 efficiant
322 203 328 220 :
347 192 427 231 cujus
441 199 503 232 pars
519 187 608 219 fluida
624 188 704 232 chyli
719 200 826 220 nomen
841 188 965 221 obtinet.
1340 192 1436 222 Am'm.

133 234 246 264 Contra
259 233 393 276 opposuit
416 233 458 264 D.
478 231 631 275 Homberg
646 255 655 268 ‚
673 232 754 277 quod
772 232 791 264 fi
813 236 862 265 a'e'r
884 233 1025 266 rarescens
1038 235 1074 266 fic
1089 234 1223 268 alimenta
1236 260 1245 273 ‚
1259 241 1323 282 qui-

90 278 142 308 bus
161 278 231 308 inest
250 299 260 313 ,
286 275 435 313 dissolvit,
456 288 506 308 cur
528 278 602 319 ignis
625 279 690 308 a'c'ra
706 280 779 308 intra
795 280 925 310 carnium
945 290 1032 322 potos
1052 279 1218 311 conclusum
1239 284 1326 313 vehe-

90 324 215 352 mrntius
229 323 395 362 exagitans,
413 331 511 351 carnes
526 322 554 350 in
572 319 651 360 chyli
675 319 800 352 formam
817 333 876 353 non
899 322 1012 364 redigit·
1042 323 1098 353 Cui
1117 324 1159 354 D.
1176 327 1326 368 Varignon

89 363 237 407 respondit
249 365 411 395 costronem
424 366 550 394 carnium
563 388 572 399 ,
594 363 640 394 seu
654 363 809 396 elixatione
823 388 834 402 ,
854 365 901 396 seu
918 364 1055 398 affatione
1070 365 1120 397 fiat
1131 390 1141 402 ,
1158 370 1187 397 in
1203 372 1327 411 partium

91 407 266 438 senfibilium
301 407 475 450 separatione
505 406 559 437 effe
591 405 711 450 positam
744 422 750 439 ς
775 420 843 440 nam
871 420 969 440 carnes
994 420 1192 452 excoquuntur
1213 433 1223 446 ‚
1261 424 1326 444 curn

87 453 162 494 ignis
180 450 323 494 particulae
342 450 460 481 subeunt
483 453 574 481 carnis
592 449 711 482 cellulas
733 475 742 488 ,
767 463 861 496 eaeque
885 452 920 483 ab
939 455 1006 484 a'c're
1028 453 1145 485 dilatato
1166 452 1261 484 subito
1283 468 1328 487 ra-

88 494 214 525 resccnte
231 494 444 537 disrumpuntur
459 493 551 524 soluta
567 492 705 525 fibrarum
718 506 837 528 textura.
862 496 941 527 Cum
956 507 1050 527 autem
1064 499 1137 538 ignis
1150 497 1329 540 corpuscula,

88 549 152 581 qux
170 538 186 569 ὲ
206 537 286 581 ligno
307 538 424 568 accenso
441 536 582 580 prodeunt
595 560 604 572 ‚
627 538 719 569 multo
735 538 790 570 lint
809 537 941 570 crasfiora
954 562 963 575 ‚
988 551 1074 584 quam
1092 540 1204 583 spiritus
1218 544 1330 573 anima-

89 580 129 611 les
142 605 152 617 ,
172 585 221 623 qui
236 584 365 613 nativum
379 579 507 612 efficiunt
523 580 650 612 calorem
662 603 672 617 ‚
690 593 722 612 ea
740 582 857 623 quidem
873 594 930 613 non
949 583 1012 615 satis
1033 583 1094 615 sunt
1110 582 1223 615 subtilia
1236 607 1245 620 ‚
1265 596 1328 627 quae

87 626 263 668 angustiores
280 636 434 668 corporum
453 635 561 655 meatus
581 623 697 655 subeant
710 648 720 660 ‚
745 629 776 656 &
800 629 830 656 in
849 638 946 657 tenues
968 627 1040 658 adeo
1062 639 1155 670 partes
1177 627 1328 670 redigant,

88 679 120 699 ut
139 680 205 699 cum
228 679 299 710 aqua
313 691 321 704 ,
351 671 397 699 cui
423 679 521 698 carnes
541 670 757 710 incoquuntut,
777 680 867 712 genus
886 670 1033 712 quoddam
1055 670 1139 714 pultis
1160 671 1247 712 <hylo
1269 683 1328 703 non

89 711 225 742 absimilis
245 710 373 742 efficiant.
405 713 449 742 Ac
464 710 559 741 nescio
580 722 615 741 an
634 710 708 742 illud
727 712 792 743 addi
821 712 905 755 possit
919 736 928 749 ,
950 726 1045 745 carnes
1067 726 1095 745 in
1116 713 1179 745 vase
1202 716 1258 747 rii&
1277 726 1328 746 oc-

87 754 167 786 cluso
185 778 193 790 ,
218 755 379 797 cujusmodi
404 755 441 786 cst
459 755 592 786 machina
616 753 723 786 offibus
743 756 927 788 (molliendis
946 757 961 787 ὲ
984 759 1025 789 D.
1043 759 1132 801 Papin
1147 762 1307 800 excogitata
1319 781 1330 795 ‚

87 800 118 828 in
141 797 320 829 confimilrm
340 799 426 839 chylo
442 798 569 841 pultem,
592 800 654 828 imo
672 802 702 830 &
726 797 784 829 offa
802 803 831 830 in
849 799 1005 842 gelatinam
1023 801 1103 831 brevi
1118 804 1255 843 temporis
1269 803 1330 844 spa-

84 844 131 873 tio
153 841 283 873 facessere
301 855 308 873 ι
332 842 377 872 seu
393 844 467 872 a'e'ris
485 863 496 876 ‚
517 842 561 871 seu
574 843 647 884 ignis
661 841 804 884 particulae
826 843 929 874 fortius
943 847 1089 886 exagitatae
1111 842 1215 874 ossium
1231 847 1330 875 mole-

86 884 164 915 culas
187 885 388 928 disrumpant,
410 894 494 928 atque
513 887 596 916 exiis
614 885 770 927 gelatinam
794 885 881 927 chylo
899 898 957 916 non
978 887 1138 918 absimilem
1155 891 1328 930 exprimant.

86 931 200 958 Verum
217 929 266 959 ista
281 928 400 960 velutin
416 926 549 962 transitu,
567 939 643 958 nunc
659 928 694 958 ad
710 931 831 960 certiora
843 933 989 961 veniamus
1003 952 1013 966 ,
1032 942 1134 974 nempe
1147 930 1184 960 ad
1199 942 1230 960 ea
1241 952 1251 966 ‚
1263 943 1327 974 quae

86 974 178 1013 inagis
201 972 265 1003 sunt
280 971 371 1007 fasti,
394 982 423 1001 ut
438 973 475 1001 ira
490 970 590 1015 loquar
603 994 613 1007 ,
636 971 724 1013 quim
746 975 822 1011 juris,

135 1017 148 1045 1
162 1017 186 1045 Ι.
219 1020 298 1047 Inter
312 1027 344 1046 ea
358 1025 422 1057 quae
439 1026 539 1058 praeter
556 1025 661 1045 natura:
683 1014 815 1046 ordinem
832 1019 967 1047 eveniunt
984 1037 993 1051 ‚
1010 1015 1060 1047 illa
1078 1018 1220 1060 imprimis
1240 1017 1328 1062 expli-

82 1069 152 1089 catu
168 1058 230 1090 (unt
245 1058 332 1090 ardua
348 1081 356 1095 ‚
369 1069 432 1100 quae
445 1069 523 1088 extra
535 1057 630 1089 locum
648 1061 840 1101 generationis
857 1055 1028 1090 formantur.

134 1104 193 1134 Die
212 1104 314 1133 Martii
342 1107 379 1133 16
398 1103 441 1133 D.
463 1103 541 1132 Meri
559 1112 657 1132 coram
674 1101 804 1133 exhibuit
826 1115 858 1135 os
874 1102 998 1134 maxillae
1020 1105 1172 1146 superioris
1193 1102 1328 1135 dentibus

86 1144 196 1188 aliquot
223 1149 367 1177 munitum
383 1167 392 1180 ,
415 1145 503 1185 iisque
522 1144 620 1180 duris,
653 1149 683 1176 ὅ(
704 1147 839 1188 perfestis
855 1169 866 1182 ,
889 1146 961 1177 adeo
978 1157 1009 1177 ut
1031 1145 1270 1177 verisimillimum
1295 1147 1329 1179 fir

87 1199 138 1218 eos
159 1200 224 1220 ante
238 1188 336 1220 decem
348 1199 438 1219 annos
451 1187 592 1218 formatos
615 1186 692 1218 fuiffe
712 1200 790 1219 extra
807 1198 929 1220 uterum.
955 1190 1033 1220 Cum
1049 1188 1109 1219 filia
1124 1189 1251 1229 ejusdcm
1264 1202 1329 1221 mu-

87 1229 167 1262 lieris
184 1255 193 1267 ,
211 1243 274 1274 quat
295 1236 341 1262 vix
360 1231 432 1262 duos
453 1242 517 1262 nata
537 1242 594 1262 crat
610 1242 699 1261 annos
714 1253 724 1266 ‚
747 1230 858 1262 obiisset
876 1255 884 1268 ,
908 1244 1028 1276 corpore
1043 1236 1103 1273 ejus
1115 1231 1234 1263 diffceto
1250 1233 1326 1275 quasi

89 1286 146 1305 ova
169 1288 181 1317 5
207 1286 254 1306 aut
274 1282 291 1304 6
311 1275 450 1305 linearum
467 1277 495 1304 in
516 1273 614 1303 eadem
633 1277 762 1316 corporis
781 1286 859 1317 parte
873 1287 982 1319 reperta
999 1274 1082 1310 sunt,
1099 1286 1162 1317 quae
1175 1276 1327 1317 hydatidas

87 1317 143 1348 effe
169 1318 344 1349 existimabat
364 1320 392 1347 in
415 1315 549 1348 abscessus
574 1316 630 1347 fine
646 1328 714 1359 pure
734 1328 830 1348 tamen
852 1317 1011 1348 conversas·

135 1363 209 1392 111.
245 1365 292 1392 Dc
311 1362 446 1391 struetum
465 1360 569 1402 linguat
587 1362 643 1402 pici
665 1381 675 1394 ‚
701 1359 791 1402 vulgo
806 1382 814 1395 ,
835 1371 871 1390 un
895 1361 978 1390 Pt'ver
991 1385 1000 1396 ,
1029 1361 1123 1390 ac‘tum
1139 1359 1194 1390 fuit
1208 1382 1219 1396 ,
1245 1366 1326 1403 cujus

89 1403 242 1435 artificium
259 1405 459 1434 mechanicum
482 1414 540 1433 non
560 1402 662 1433 eodem
676 1402 765 1433 modo
787 1401 977 1446 exposuerunt
1000 1405 1039 1434 D.
1056 1401 1170 1433 Peraulr
1184 1427 1193 1441 ,
1219 1407 1251 1434 δε
1274 1406 1328 1435 Al-

90 1447 218 1490 phonsus
233 1446 363 1478 Bor-ellus
378 1469 386 1482 ‚
412 1445 459 1475 illc
473 1449 502 1476 in
517 1446 682 1476 mechanica
700 1445 867 1476 animalium
883 1468 891 1481 ,
911 1446 957 1476 hic
979 1448 1008 1476 in
1022 1456 1107 1488 opere
1123 1446 1171 1475 suo
1187 1445 1222 1477 de
1244 1459 1327 1479 motu

90 1490 269 1522 animalium.
297 1491 330 1523 ld
346 1501 413 1520 vero
438 1490 478 1520 D.
495 1491 579 1529 Mery
594 1492 699 1531 recepit
720 1487 781 1519 fore
803 1500 832 1519 ut
847 1489 1013 1519 structuram
1034 1487 1229 1519 musculorum
1243 1513 1252 1526 ‚
1278 1495 1326 1532 qui

92 1534 254 1575 producunt
276 1556 284 1569 ‚
317 1537 345 1564 δέ
373 1534 518 1563 retrahunt
540 1535 595 1574 pici
615 1531 742 1573 linguam
759 1555 768 1567 ,
793 1535 895 1562 acriori
922 1533 1020 1562 animo
1049 1531 1221 1573 expenderet
1240 1556 1249 1568 ,
1276 1534 1327 1565 u'oi

91 1579 218 1618 primum
239 1578 321 1615 liujus
342 1580 401 1607 avis
425 1579 508 1618 copia
525 1575 598 1606 faita
615 1574 707 1606 fmffct
721 1589 726 1606 :
751 1575 829 1617 quod
842 1574 935 1619 poste&
948 1575 982 1606 ab
996 1587 1030 1606 eo
1043 1574 1177 1606 effuerum
1193 1576 1242 1606 est.

135 1622 194 1651 Dic
210 1627 243 1650 16
263 1619 441 1651 Novembris
467 1621 506 1649 D.
524 1621 608 1659 Mcry
627 1618 837 1650 chier-vationes
861 1618 920 1649 suas
939 1620 1013 1648 circa
1035 1621 1126 1649 varios
1145 1617 1248 1660 lingua:
1272 1622 1326 1662 pici

92 1672 189 1694 motus
211 1663 278 1706 legit
301 1663 315 1692 ὰ
330 1662 431 1706 ίὶῑὶρῑο
444 1685 452 1697 ,
475 1673 581 1693 naturae
602 1660 756 1693 artificium
768 1685 777 1698 ,
793 1662 959 1693 sttutfffiram
973 1673 1148 1704 organorum
1162 1683 1171 1696 ‚
1192 1661 1207 1691 ὲ
1227 1663 1329 1705 quibus

93 1705 126 1736 hi
146 1717 241 1738 motus
261 1706 384 1750 pendent
400 1731 406 1741 ,
426 1707 538 1736 intento
565 1707 662 1735 animo
679 1705 888 1749 contemplatus
913 1704 942 1736 id
959 1708 1084 1748 primum
1101 1704 1223 1735 advertit
1246 1706 1329 1746 hujus

93 1751 154 1779 avis
179 1748 304 1791 linguam
320 1761 377 1779 non
400 1748 523 1791 amplius
546 1748 632 1791 quim
648 1759 702 1779 tres
724 1761 770 1780 aut
797 1759 916 1792 quatuor
937 1749 1025 1780 lineas
1039 1751 1069 1779 in
1085 1747 1203 1789 longum
1224 1760 1328 1791 patere.

95 1792 176 1822 Nam
191 1803 305 1823 truncus
322 1797 351 1824 δε
370 1795 441 1822 rami
457 1790 523 1822 offis
543 1791 661 1833 hyo'i'dis
679 1791 714 1822 ad
732 1792 858 1835 linguam
875 1803 933 1822 non
948 1795 1107 1834 pertinent,
1126 1801 1216 1833 neque
1230 1803 1329 1821 corum

94 1834 248 1877 longitudo
266 1835 330 1866 huic
343 1835 494 1867 tribuenda
510 1837 547 1866 cst
560 1861 569 1873 ,
589 1846 619 1866 ut
637 1837 706 1866 viris
720 1835 889 1879 pereruditis
902 1834 1054 1878 Alphonso
1074 1832 1190 1866 Borello
1203 1855 1213 1869 ,
1238 1837 1268 1864 ἃ
1285 1835 1327 1870 D,

96 1877 226 1909 Petrault
241 1879 332 1909 visum
348 1877 402 1910 fuit
414 1902 424 1914 ,
439 1882 488 1921 qui
508 1881 537 1908 in
562 1879 616 1908 hoc
630 1889 799 1920 argumento
818 1878 918 1910 versati
938 1880 1012 1910 sunt.

139 1923 248 1964 Lingua
272 1922 298 1951 C
319 1944 328 1957 ‚
363 1924 419 1965 pici
437 1934 472 1953 ex
494 1921 613 1952 officulo
632 1922 791 1953 admodum
816 1923 896 1954 brevi
915 1944 924 1958 ‚
948 1927 978 1954 δε.
1006 1920 1155 1953 corniculo
1178 1919 1327 1962 squamoso

96 1967 204 1996 constat
219 1977 226 2000 3
240 1976 270 1994 ca
287 1965 323 1995 cst
338 1962 434 2007 figurae
448 1964 635 2008 pyramidalis
647 1988 655 2001 ‚
675 1964 744 1996 basis
759 1977 819 2008 ejus
837 1977 901 1997 cum
923 1976 1050 1996 extremo
1068 1962 1133 1995 ossis
1146 1963 1263 2006 hyoidis
1285 1964 1326 1996 D.

96 2019 146 2052 per
164 2007 391 2038 articulationcm
412 2011 616 2040 committitur.

143 2054 204 2082 IV.
249 2053 293 2081 Os
312 2051 381 2082 illud
399 2052 513 2092 hyoidis
530 2052 632 2093 stylum
657 2064 775 2095 parvum
801 2051 925 2083 referens
939 2074 947 2087 ‚
969 2051 1042 2082 duos
1066 2050 1183 2094 pollices
1206 2047 1326 2091 longum

99 2093 137 2126 est
149 2117 159 2131 ‚
181 2106 232 2126 nec
247 2094 368 2138 amplius
385 2117 394 2131 ‚
415 2106 500 2137 quam
517 2095 597 2127 lincae
611 2095 717 2127 semill'e
733 2094 850 2127 crassum
872 2107 879 2130 ·‚
900 2106 977 2138 parte
994 2094 1034 2127 sui
1048 2093 1175 2126 extremit*
1189 2095 1219 2125 δέ
1235 2095 1327 2136 poste-
