1638 2345
315 125 374 155 344
571 114 781 146 ‚RE61AE
829 115 1237 150 SCIENTIARUM

198 159 221 188 Α
230 169 247 187 κ
256 168 286 186 Ν.
311 168 376 189 Cum
391 156 499 189 semisse
510 157 568 189 una.
577 169 643 188 cum
653 168 735 188 novae
747 155 910 189 calcislibra
921 161 1021 191 iteruin
1033 160 1169 202 permistae
1183 173 1194 202 3
1228 159 1388 204 hlegmatis,
1401 166 1432 196 δε
1446 177 1464 204 7
1476 164 1537 199 olei

201 210 289 242 ¹⁶95·
311 204 407 232 uncias
429 213 479 246 pet
497 213 631 232 retortam
645 222 654 236 ‚
667 211 698 232 ut
715 211 780 232 ante
802 201 992 245 praebuetunt,
1016 203 1160 235 Postrema
1181 217 1200 235 o
1214 207 1238 235 ei
1252 207 1336 236 uncia
1353 209 1431 250 nigra
1453 220 1512 239 erat
1524 231 1533 244 ‚

311 248 338 276 &
359 245 515 276 admodum
528 244 651 280 foetida,
673 243 719 275 sex
730 247 839 288 priores
861 244 995 289 liquidae,
1011 258 1062 278 nec
1080 258 1137 277 tam
1156 250 1279 290 graviter
1301 247 1437 286 olebant,
1451 262 1534 293 atque

308 290 337 318 in
360 292 451 332 prima
466 287 590 327 analyfi:
609 286 798 318 destillatione
821 287 906 319 sexies
926 293 1042 333 repetita
1060 289 1193 334 phlegma
1220 290 1335 322 tandem
1348 293 1432 324 instar
1455 306 1534 338 aquae

307 342 382 374 purae
405 330 578 375 pellucidum
595 334 625 362 &
647 330 802 374 insipidum
816 330 951 368 stillavit3
964 333 1062 365 oleum
1082 333 1117 364 ad
1134 338 1250 366 unciam
1268 333 1354 376 usque
1374 347 1439 366 cum
1453 340 1535 368 [emi-

306 374 441 405 drachma
469 375 508 405 est
532 377 721 405 imminutum
741 374 838 405 colore
860 374 964 408 succini
983 390 989 408 :
1014 376 1106 419 sicque
1125 389 1173 420 per
1195 377 1239 408 sex
1258 376 1319 408 illas
1337 377 1536 412 destillationes

306 417 384 452 olei,
402 417 473 448 libra
495 420 527 449 in
547 429 578 458 ¹5
601 421 699 450 uncias
711 429 780 450 cum
799 418 907 450 semiffc
923 419 1093 464 phlegmatis
1106 442 1118 456 ,
1134 424 1164 453 &
1186 433 1274 453 unam
1289 420 1347 452 olei
1361 424 1474 455 unciam
1489 435 1538 455 te·

306 459 387 490 datsta
409 459 475 492 fuit.

351 515 381 539 4.
407 503 441 535 ld
457 515 571 547 quoque
589 505 626 537 ab
645 517 679 536 eo
704 504 758 536 fuit
773 505 1003 538 animadversum
1015 529 1024 542 ‚
1043 518 1130 550 grana
1148 508 1280 540 nondum
1295 519 1404 540 matuta
1424 508 1537 552 liquore

306 545 434 589 aquoso,
461 551 493 579 δε
513 547 567 580 sale
585 546 644 579 fixo
662 547 806 580 abundare
819 570 828 584 ,
850 559 916 580 cum
931 553 960 581 iu
981 553 1015 582 iis
1038 562 1187 593 perparum
1203 551 1235 583 fit
1257 551 1316 582 olei
1335 565 1342 583 :
1373 551 1423 583 ubi
1445 565 1538 584 matu-

306 601 425 622 ruerunt
438 613 449 627 ,
464 603 565 634 patum
583 594 613 623 iu
631 594 665 623 iis
683 592 722 623 est
741 591 930 635 phlegmatis,
949 596 980 626 δέ
997 593 1059 626 salis
1074 592 1144 630 fixi,
1158 594 1205 626 sed
1226 594 1348 626 multum
1369 594 1439 628 olei.
1460 597 1543 628 Cumv

306 644 357 676 per
376 636 486 666 iteratas
503 634 710 666 destillationes
724 645 799 667 certa
820 635 876 666 olei
899 640 1040 678 quantitas
1061 640 1093 669 in
1111 637 1245 681 phlegma
1270 650 1341 680 pene
1355 649 1417 670 sota
1437 638 1539 676 abeat,

307 679 346 708 ita
364 688 395 708 ut
411 689 510 720 parum
528 677 586 709 olei
604 677 730 721 superfit,
742 679 811 710 hine
835 682 940 722 conjici
953 681 1042 723 potest
1061 684 1090 712 in
1101 685 1197 723 granis
1210 680 1387 713 crudioribus
1406 681 1544 725 phlegmae

308 719 367 750 una
382 731 447 752 cum
469 720 543 757 sale,
560 725 591 752 «Sc
606 721 702 765 aliqua
720 722 856 753 terrestris
875 726 998 754 materiae
1014 727 1147 767 portione
1165 736 1229 756 eam
1245 726 1336 756 tractu
1350 728 1488 768 temporis
1499 726 1540 756 ef-

311 761 396 794 ficere
418 763 479 796 olei
497 767 612 808 copiam
625 787 636 800 ‚
653 776 715 808 quze
736 768 765 796 in
779 768 896 798 maturis
917 769 1013 809 granis
1034 767 1228 811 conspicitur,
1248 779 1280 799 ac
1299 771 1422 798 mixtum
1443 767 1538 812 ipsum

312 816 373 837 arte
389 806 492 838 resolvi
527 807 584 839 osse
605 811 636 839 in
662 808 761 840 eadem
779 811 937 853 principia,
953 821 987 842 ex
1004 809 1107 852 quibus
1119 811 1270 842 coaluerat.
1294 811 1329 843 Id
1347 822 1415 842 vcro
1434 813 1472 843 est
1493 811 1542 843 ad-

313 849 435 880 modum
456 819 602 893 probabile
626 850 713 882 salem
732 849 823 882 fixum
846 855 876 882 ὅ(
897 863 1000 883 terram
1020 856 1124 895 majori
1143 866 1177 886 ex
1198 865 1275 897 parte
1294 854 1310 884 Ξι
1333 853 1409 884 calce
1427 853 1482 886 effe
1495 866 1542 886 re-

314 903 409 923 tenta:
432 904 542 936 partem
559 893 621 925 salis
643 893 769 936 aliquam
783 897 812 926 in
827 895 939 937 spiritus
961 895 1057 927 acidos
1077 895 1172 928 abiisse
1184 919 1194 932 ‚
1216 899 1266 939 qui
1283 900 1312 927 in
1325 896 1401 928 calce
1424 897 1541 930 fiterunt

313 934 490 978 superstites:
508 936 585 967 unde
601 940 631 968 δε
652 936 737 969 calcis
751 937 832 967 colot-
854 937 990 970 candidus
1012 941 1043 971 in
1064 942 1209 972 cinereum
1228 950 1352 972 mutatus
1371 940 1410 971 est
1422 962 1433 976 ,
1453 952 1542 984 eaque

313 979 455 1009 terrestres
477 977 588 1022 aliquot
604 978 662 1010 olei
685 991 775 1022 partes
797 982 924 1012 retinuit.

352 1033 378 1062 5.
410 1023 593 1065 Opinionem
611 1021 659 1053 ille
683 1023 762 1054 suam
775 1035 810 1055 cx
828 1023 941 1055 fructus
960 1023 1074 1060 Indici,
1089 1037 1174 1069 quem
1192 1037 1274 1058 cacao
1291 1037 1416 1062 vocant,
1436 1026 1546 1069 analyfi'

311 1063 504 1097 confirmavit.
526 1067 641 1097 Partem
668 1065 746 1097 illius
769 1069 953 1109 pinguiorem
978 1070 1007 1099 δε
1033 1067 1158 1100 oleoi‘am
1184 1069 1291 1113 triplici
1311 1069 1400 1100 modo
1424 1069 1460 1101 ab
1477 1071 1540 1102 aliis

313 1106 460 1150 separavit.
483 1108 615 1141 Primum
635 1108 821 1143 destillatione
839 1121 873 1141 ex
889 1121 944 1140 una
965 1110 1036 1142 libra
1055 1122 1110 1143 tres
1122 1115 1217 1144 uncias
1229 1124 1294 1144 curn
1314 1112 1480 1154 quadrante,
1496 1113 1542 1146 seu

313 1160 423 1192 partem
445 1150 504 1181 fere
521 1155 650 1194 quintam
674 1151 807 1195 prolexit.
834 1163 859 1184 2.
882 1155 1014 1185 Frustum
1036 1165 1119 1186 cacao
1138 1168 1219 1187 more
1241 1155 1325 1187 solito
1344 1166 1424 1186 antea
1437 1156 1544 1187 calefa-

314 1194 393 1224 ‹stum
408 1216 416 1229 ‚
443 1197 473 1224 ὗε
491 1194 641 1227 contusum
663 1195 758 1239 proelo
777 1194 926 1236 subjiciens
945 1208 979 1227 ex
999 1208 1055 1228 una
1067 1201 1124 1238 ejus
1139 1198 1215 1230 libra
1231 1198 1299 1230 duas
1321 1201 1415 1229 uncias
1434 1199 1544 1242 expres-

313 1234 347 1267 fit
362 1248 370 1270 3
393 1236 408 1267 ὲ
429 1235 489 1269 fece
510 1239 659 1281 postquam
687 1250 818 1270 unacum
832 1250 902 1282 aqua
916 1239 1053 1276 ebulliit,
1069 1241 1236 1273 semi-uncia
1249 1242 1308 1274 olei
1323 1241 1414 1272 adhuc
1434 1242 1545 1287 expres-

314 1279 342 1309 sa
363 1279 425 1310 fuit.
451 1280 507 1311 Sed
524 1292 557 1311 ex
579 1281 678 1312 eadem
701 1282 760 1313 fece
777 1292 842 1312 cum
859 1293 930 1323 aqua
943 1287 1094 1314 communi
1110 1286 1239 1326 permista
1251 1284 1320 1316 duas
1341 1284 1434 1315 adhuc
1448 1290 1544 1317 uncias

314 1332 381 1352 cum
398 1322 505 1354 semisse
526 1322 671 1355 obtinuit:
693 1323 765 1355 adeo
779 1334 808 1355 ut
829 1323 939 1356 summa
958 1324 1044 1357 fuerit
1061 1329 1189 1369 quinque
1205 1331 1351 1359 unciarum
1371 1332 1402 1373 ξ.
1428 1329 1544 1360 Postre-

316 1379 365 1397 mo
391 1367 516 1398 frustum
535 1378 619 1398 cacao
639 1368 747 1401 calente
766 1368 860 1413 lapide
881 1370 1032 1406 obterens,
1058 1383 1088 1402 ut
1110 1371 1171 1403 fieri
1189 1373 1280 1410 solet,
1305 1387 1370 1406 cum
1395 1386 1428 1405 ex
1444 1386 1478 1404 eo
1498 1387 1543 1418 pa-

314 1421 392 1441 ratur
415 1410 509 1442 succus
525 1410 616 1442 dietus
637 1412 783 1449 Chocolae,
801 1423 835 1443 ex
856 1424 889 1443 ca
903 1412 982 1445 velut
1000 1413 1113 1445 [abadia
1138 1416 1223 1447 maffa
1245 1428 1269 1456 ¹3
1294 1421 1390 1449 uncias
1405 1417 1517 1449 sumens
1532 1441 1543 1454 ,

315 1454 383 1483 ueto
397 1453 558 1485 ebullientis
581 1465 660 1497 aquae
677 1454 757 1486 libris
782 1455 886 1487 diluit:
907 1455 1071 1500 refrigerata
1091 1459 1199 1490 nullam
1225 1461 1404 1502 pinguedinis
1424 1462 1543 1504 speciem

315 1499 344 1525 in
357 1496 503 1539 superficie
525 1497 655 1539 praebuit.
678 1498 735 1529 Sed
753 1499 899 1543 postquam
921 1503 1039 1532 materia
1061 1513 1139 1544 aquae
1154 1502 1283 1547 impolita
1301 1504 1433 1540 ebulliit,
1453 1507 1484 1536 δε
1497 1508 1544 1535 in-

317 1540 369 1570 star
381 1539 466 1582 pultis
487 1538 619 1583 sptffiotis
638 1541 752 1572 densata
765 1542 803 1573 est
816 1565 825 1577 ‚
849 1553 909 1574 tum
929 1544 1075 1586 pinguedo
1090 1545 1267 1588 supernatare
1281 1546 1338 1578 visa
1351 1570 1359 1583 ,
1372 1558 1460 1590 eaque
1475 1559 1544 1590 pau-

318 1582 396 1612 latim
419 1583 561 1620 collttsta,
584 1584 677 1615 donec
701 1584 782 1616 nulla
801 1585 924 1628 amplius
948 1588 1083 1627 exstaret,
1107 1600 1158 1619 nec
1185 1593 1302 1620 materia
1321 1591 1462 1622 cochleari
1479 1602 1544 1620 am-

317 1625 394 1667 plius
415 1628 527 1658 trauan
548 1627 637 1670 pollet
657 1640 713 1671 prze
737 1627 872 1660 densitate
886 1651 896 1664 ,
921 1633 951 1660 &
976 1635 1124 1663 tenacitate
1149 1636 1237 1664 nimia
1255 1656 1264 1668 ‚
1286 1644 1346 1664 tum
1368 1633 1437 1665 vero
1459 1635 1544 1665 instar

318 1667 374 1699 sebi
392 1670 535 1712 pinguedo
555 1670 605 1702 illa
624 1671 775 1707 induruit,
797 1683 858 1715 quae
874 1671 995 1703 odorem
1016 1685 1100 1705 cacao
1123 1686 1180 1705 non
1205 1680 1292 1708 exuit.
1313 1678 1367 1707 Sex
1385 1676 1460 1707 illius
1482 1681 1544 1720 pin-

318 1711 447 1752 guedinis
465 1735 473 1747 ,
492 1718 519 1744 ἃ
543 1713 628 1757 paulo
651 1714 773 1758 amplius
795 1717 885 1746 unciae
908 1715 1100 1759 prodierunt,
1127 1719 1141 1749 ὲ
1158 1717 1218 1750 fece
1239 1720 1331 1750 adhuc
1352 1722 1434 1749 uncia
1453 1731 1545 1750 extra-

318 1756 361 1784 ‹sta
381 1756 418 1786 est
434 1770 440 1787 ε
459 1756 529 1787 adeo
551 1768 583 1788 ut
601 1757 616 1788 ἐ
638 1769 667 1798 13
685 1761 774 1790 unciis
794 1758 900 1802 septem
924 1770 990 1790 cum
1009 1761 1162 1803 quadrante
1179 1773 1239 1793 tum
1255 1763 1328 1799 olei,
1349 1773 1410 1793 tum
1423 1766 1543 1806 pingue.

318 1797 391 1828 diuis
414 1799 521 1829 tdustae
543 1799 658 1832 fuerint.

359 1844 430 1872 111.
460 1843 615 1874 Rationem
636 1845 717 1887 hujus
741 1843 916 1877 discriminis
939 1858 1000 1877 eam
1026 1846 1079 1877 effe
1101 1848 1271 1890 conjiciebat
1299 1849 1338 1879 D.
1364 1849 1499 1882 Homber
1533 1872 1543 1886 ,

319 1885 395 1926 quod
408 1884 515 1917 fruetus
534 1885 583 1916 ille
607 1898 690 1918 cacao
715 1899 748 1918 cx
764 1888 846 1920 India
866 1888 1022 1932 asportatus
1036 1913 1044 1926 ,
1064 1892 1245 1922 vehementer
1265 1890 1431 1930 exsiccatus,
1451 1904 1482 1924 ac
1515 1896 1544 1924 iu

318 1930 459 1964 servatus,
479 1928 604 1960 multum
620 1931 658 1962 de
680 1933 777 1962 nativo
795 1931 847 1963 illo
870 1933 990 1964 humore
1013 1935 1158 1969 amiserit,
1176 1946 1208 1964 cx
1226 1946 1284 1977 quo
1310 1948 1370 1978 pars
1410 1936 1541 1978 inguedi-

319 1974 361 2002 nis
375 1983 506 2004 emanat:
521 1974 597 2004 unde
614 1974 744 2005 exsuccus
764 1985 874 2005 retortae
887 1976 1034 2019 impolitus
1047 1989 1147 2020 parum
1165 1977 1221 2008 olei
1242 1978 1361 2021 fimphci
1398 1980 1542 2011 istillatio-

317 2027 352 2045 ne
371 2015 477 2058 prae'oet
495 2020 523 2046 iu
548 2021 638 2060 prima
659 2016 759 2058 analyfi
776 2030 782 2048 :
815 2017 860 2048 sed
880 2020 1054 2062 pinguedine
1072 2032 1121 2064 pet·
1144 2020 1350 2063 cxprcffiontni
1371 2023 1489 2066 stparata
1510 2024 1539 2051 in

318 2057 438 2090 secunda
460 2063 647 2102 operatione,
679 2072 737 2092 tum
760 2060 868 2092 fecibus
894 2074 964 2105 aqua
983 2062 1073 2093 calida
1101 2063 1216 2095 imbutis
1240 2069 1351 2108 pinguis
1377 2068 1489 2097 materia
1512 2067 1538 2095 in

320 2100 426 2134 fecibus
443 2103 575 2148 superstes
589 2126 599 2141 ,
626 2107 656 2137 ὅ(
673 2104 735 2148 plus
760 2104 822 2147 satis
845 2104 978 2138 exsiccata
995 2117 1103 2150 partem
1118 2107 1246 2140 humoris
1270 2108 1407 2152 deperditi
1427 2119 1540 2150 recupe-

1450 2154 1541 2186 ravit,
