1638 2345
346 149 386 176 90
672 139 839 170 REGIAE
889 139 1274 173 SCIENTIARUM

229 187 318 215 ΑΝΝ,
344 181 507 212 Norimnia
530 181 647 213 demum
671 186 702 213 δε
724 182 786 213 ,iliis
806 195 840 213 ex
863 182 934 213 locis
958 183 992 213 ad
1013 183 1155 225 sexaginta
1177 183 1263 228 usque
1287 182 1349 216 sunt
1363 195 1494 216 accurato
1510 190 1577 216 exa:

229 232 316 264 1670,
342 228 415 255 mini
439 224 579 267 subjestae.
621 229 690 257 Leni
711 225 804 257 calore
823 229 885 256 lunt
897 225 1030 257 extillatae
1045 249 1053 261 ‚
1079 226 1146 256 sales
1167 225 1182 255 a
1205 238 1277 257 terra
1301 227 1396 259 secreti
1413 240 1420 263 3
1438 228 1472 258 ad
1495 228 1575 272 quod

342 267 442 298 salium
463 280 550 310 genus
569 273 589 300 ii
615 280 783 300 revocemur
801 291 810 304 ‚
828 281 861 299 ex
883 269 1029 312 saporibus
1043 292 1051 304 ‚
1075 273 1104 300 ὅ(
1127 269 1219 300 forma
1235 270 1459 313 congelationis,
1482 276 1525 302 {cu
1544 274 1573 302 in

340 311 487 351 crystallus
511 315 701 342 concretionis
715 334 724 347 ‚
746 324 777 343 ac
794 312 913 342 demum
934 324 967 342 ex
991 311 1100 343 effetis
1121 324 1184 355 qua:
1199 317 1283 343 certis
1302 314 1460 356 liquoribus
1482 314 1574 346 additi

337 366 488 398 procreant
503 377 512 390 ‚
532 366 566 385 eo
581 367 639 397 quo
653 355 733 398 supra
748 355 874 386 diximus
890 355 980 386 modo
993 378 1002 391 ,
1025 354 1080 387 fuit
1101 356 1275 399 indagatum.

386 400 437 428 XI
453 400 475 428 1.
512 400 560 428 Sic
577 410 620 428 cx.
640 409 683 440 gr.
707 409 786 440 aquae
811 399 964 429 Borboniae
985 410 1051 429 cum
1074 398 1126 429 fint
1147 398 1270 441 duplicis
1292 403 1403 443 generis
1422 423 1431 435 ,
1456 399 1518 431 aliae
1541 403 1573 432 in

337 442 447 484 oppido
472 441 558 483 vulgo
583 441 706 472 Bourbon
728 439 966 477 l'Archambaut,
990 442 1052 473 aliae
1077 446 1106 473 in
1129 442 1238 485 oppido
1264 454 1292 475 ν.
1318 441 1439 473 Bourbon
1456 444 1570 486 Lancy,

337 484 462 516 celebres
483 485 637 515 habeamur
666 498 673 516 ε
705 485 816 516 Priores
838 488 865 515 in
892 484 1035 516 solutione
1059 487 1199 516 Mercurii
1220 486 1383 522 sublimati,
1410 489 1439 517 &
1463 486 1573 517 vitrioli

337 531 436 558 martis
451 553 459 565 ,
480 530 549 558 item
569 530 598 557 in
625 526 707 558 succo
729 527 896 570 heliotropii
913 549 922 562 ‚
948 539 994 559 aut
1014 527 1118 571 syrupo
1140 527 1282 559 violarum
1303 529 1419 560 eosdcm
1434 527 1571 565 effeetus,

336 582 408 613 quos
442 569 509 600 sales
540 569 701 612 plantarum
730 569 781 601 fixi
810 570 991 614 praebuerunt
1013 583 1021 606 ·‚
1043 575 1084 602 uti
1109 575 1139 602 &
1165 583 1242 615 aqua·
1267 574 1314 602 De
1338 572 1425 616 Vichy
1452 575 1481 603 δε
1510 572 1572 603 aliae

335 613 508 644 consimiles.
544 613 630 646 Unde
651 625 696 644 eas
715 625 800 656 aquas
817 614 870 644 sale
897 612 1049 657 sulphureo
1073 618 1103 645 ὃ(
1130 614 1237 645 nitrolb
1259 614 1572 658 impraeonariconclu-

337 656 397 686 sum
420 656 483 687 fuit.
511 657 644 692 Contra,
663 657 833 700 posteriores
858 667 937 698 aquae
957 680 965 693 ‚
994 661 1036 688 uti
1056 661 1086 689 δέ
1109 659 1226 689 therma:
1246 641 1420 701 percelebres
1446 660 1569 701 Barcgiae

336 698 419 730 diet-x
432 722 441 735 ‚
463 700 524 730 alia·
544 702 614 730 item
637 699 801 742 complures
828 698 1010 731 sublimatum
1028 702 1208 731 Mercurium
1229 712 1276 731 aut
1292 700 1439 732 vittiolum
1465 703 1571 733 Martis

335 753 394 773 non
417 746 627 787 piaecipitarunt
641 765 650 778 ‚
674 753 728 774 nec
751 744 906 774 tincturam
930 743 1097 787 heliotropii
1119 744 1269 775 caetuleam
1293 743 1381 775 rubeo
1403 743 1500 776 colore
1523 747 1571 776 in-

337 785 429 817 fecere
445 809 454 822 ‚
479 789 522 817 uti
550 786 665 817 alumen
693 790 724 816 δε
750 785 899 817 vitriolum
927 788 1054 830 piaestare
1081 787 1171 817 solent
1202 798 1210 822 ς
1243 798 1293 817 nec
1317 786 1383 818 sales
1406 787 1450 818 illi
1471 792 1569 832 prunis

335 829 499 860 ardentibus
528 830 638 860 almoti
665 829 880 866 fulminarunt,
902 840 933 860 ut
964 830 1088 873 salpctroe
1104 853 1112 866 ‚
1137 830 1184 861 sed
1214 830 1299 861 instar
1322 830 1384 860 salis
1405 834 1569 862 communis

335 871 431 903 oleum
445 875 542 904 tartari
561 884 610 916 per
627 872 788 915 deliquium
805 873 998 916 coagulatum.
1024 875 1064 904 Ex
1081 885 1138 918 quo
1156 873 1228 904 illud
1243 872 1323 903 licuit
1338 873 1468 918 suspicari
1481 873 1568 906 salem

335 919 385 957 qui
398 918 431 947 iis
448 919 528 959 aquis
549 916 637 951 inest,
662 916 678 945 a
695 916 749 946 sale
761 919 910 947 communi
929 928 988 947 non
1005 916 1128 948 multum
1151 917 1317 948 abhorrere.

768 1049 800 1085 C
825 1051 857 1086 A
882 1051 906 1086 P
927 1053 965 1089 U
990 1051 1025 1086 T
1080 1051 1142 1086 11.

609 1144 659 1174 De
686 1136 873 1187 quibusdam
901 1137 1116 1188 experimentt}
1151 1136 1292 1191 1437stch

334 1225 358 1255 1.
459 1226 487 1255 Χ
514 1222 571 1254 illis
591 1226 794 1267 experimentis
815 1224 967 1265 Chyrnicis
981 1224 1128 1256 nonnullae
1149 1224 1366 1267 disceptationes
1387 1235 1458 1256 natae
1481 1225 1564 1261 sum,

458 1278 552 1308 eaeque
574 1278 632 1297 non
650 1266 770 1298 inutiles.
803 1279 829 1298 r.
843 1267 930 1299 Unde
942 1279 987 1298 ex.
1007 1279 1050 1310 gr.
1064 1268 1180 1298 aciditas
1199 1278 1261 1309 quse
1282 1271 1311 1298 in
1325 1267 1464 1311 pletisque
1481 1268 1564 1312 plan-

334 1313 368 1340 tis
388 1311 458 1340 inest
476 1310 589 1341 uberior
603 1333 612 1346 ‚
633 1322 728 1341 ortum
751 1310 826 1341 suam
849 1310 941 1341 ducat.
979 1312 1075 1353 Atque
1097 1323 1128 1341 ea
1147 1310 1182 1341 de
1208 1322 1235 1341 re
1256 1311 1479 1342 dissertarioncin
1499 1324 1565 1354 pcr-

334 1356 423 1384 tcxuit
446 1355 486 1384 D.
516 1352 637 1384 Duclos.
670 1355 748 1385 Cum
771 1358 854 1385 etiam
877 1365 910 1384 ex
930 1357 1064 1385 tenuitate
1090 1357 1120 1385 ὅ(
1148 1353 1282 1385 densitate
1302 1356 1426 1397 partium
1445 1366 1507 1398 quae
1529 1366 1564 1386 ex

333 1395 436 1440 plantis
459 1400 489 1428 &
512 1400 590 1439 aquis
609 1397 794 1428 mineralibus
815 1398 999 1428 extrahuntur
1013 1419 1022 1432 ‚
1048 1399 1195 1440 pra-cipum
1216 1409 1311 1427 earum
1332 1396 1500 1429 differentia·
1514 1398 1565 1428 de-

332 1451 500 1481 promantur
515 1462 523 1475 ‚
540 1444 567 1471 iti
585 1452 644 1484 quo
664 1439 753 1483 pofita
775 1439 807 1471 fir
828 1443 926 1471 raritas
939 1451 984 1471 aut
999 1439 1119 1471 densitas
1140 1451 1293 1483 corporum
1306 1463 1315 1476 ,
1329 1439 1474 1484 quaelitum
1490 1440 1561 1473 fuit:

332 1493 416 1525 atque
431 1484 486 1514 hoc
502 1495 700 1526 argumentum
715 1495 842 1515 accurate
855 1482 908 1514 fuit
924 1486 1122 1526 pertrae‘katum
1138 1482 1152 1513 a
1165 1484 1194 1513 D
1208 1485 1250 1516 D.
1269 1484 1394 1514 Perrault
1406 1506 1414 1519 ‚
1432 1483 1562 1522 Duclos,

335 1528 362 1555 ἃ
383 1528 522 1558 Mariotte
535 1549 544 1561 ,
572 1530 621 1570 qui
642 1538 674 1556 ea
697 1527 733 1558 de
751 1539 779 1558 re
797 1531 825 1557 in
844 1526 1049 1559 ientaininibus
1080 1526 1204 1569 Physicis
1225 1525 1563 1571 peculiaridiss'crtationc

332 1569 498 1602 sententiam
529 1570 604 1601 suam
627 1571 768 1613 exposuit.

378 1615 425 1644 11.
464 1615 593 1644 Primum
607 1636 617 1648 ‚
640 1624 670 1644 ut
691 1614 749 1644 fuse
775 1613 895 1658 explicat
914 1617 944 1644 δε
964 1612 1085 1649 diserte,
1106 1617 1136 1645 in
1157 1618 1235 1656 aquis
1256 1612 1403 1655 qualitates
1429 1612 1561 1657 quaedam

331 1656 485 1687 manifesta
507 1657 622 1699 spc&ari
643 1655 755 1700 possunt
770 1679 778 1692 ,
806 1657 986 1700 perspicuitas
1000 1679 1009 1692 ,
1039 1656 1139 1700 sapor,
1159 1657 1253 1692 odor,
1276 1656 1387 1699 pondus
1404 1679 1412 1692 ,
1437 1659 1560 1700 partium

331 1703 471 1736 tenuitas,
495 1712 556 1731 tum
580 1712 642 1743 quae
661 1699 839 1732 exhalatione
861 1701 933 1730 fasta
956 1702 985 1730 in
1011 1700 1073 1731 vase
1098 1699 1265 1734 subsidunt,
1290 1704 1485 1730 concretiones
1509 1699 1560 1730 de—

330 1744 416 1784 nique
430 1743 549 1786 lapideae
559 1766 568 1779 ,
588 1755 649 1788 quae
664 1747 691 1775 in
708 1743 781 1775 tubis
794 1755 843 1788 pei·
858 1755 928 1786 quos
941 1742 1105 1774 deferuntur
1120 1767 1127 1779 ‚
1153 1742 1295 1774 interdum
1307 1752 1469 1773 cernuntur.

378 1787 492 1818 Pondus
523 1799 658 1829 aquarum
689 1799 738 1830 per
769 1788 979 1818 Araeomctmm
1000 1786 1183 1818 commodius
1199 1809 1208 1822 ‚
1231 1785 1317 1830 quam
1343 1797 1391 1828 per
1416 1785 1558 1817 bilancem

331 1828 426 1861 haberi
446 1830 623 1874 exploratum
645 1841 731 1874 putat.
760 1829 835 1861 Illud
857 1842 944 1872 porro
967 1841 1024 1860 non
1040 1829 1116 1860 aliud
1136 1829 1273 1873 quiddam
1294 1828 1350 1863 est,
1371 1839 1456 1870 quam
1475 1840 1560 1871 parva

330 1873 454 1915 ampulla
479 1878 576 1904 vitrea·
591 1874 711 1915 0b¹0ngi
741 1878 770 1904 &
792 1875 898 1915 angusti
920 1871 987 1904 colli
1007 1895 1016 1909 ,
1039 1876 1067 1903 in
1091 1884 1182 1916 partes
1202 1870 1283 1904 divisi
1299 1894 1306 1906 ,
1331 1875 1409 1913 cujus
1429 1872 1559 1904 infcriori

329 1920 398 1957 parti
420 1917 597 1961 aliquantum
622 1917 791 1959 hydrargyri
814 1919 982 1960 imponitur.
1015 1918 1086 1948 Haec
1111 1915 1204 1960 phiala
1219 1927 1297 1960 aquae
1315 1916 1449 1946 immersa
1468 1918 1560 1955 majo-

328 1961 350 1988 ri
368 1958 503 1991 facilitate
524 1963 702 2002 immergitur
722 1973 779 2003 qno
799 1971 870 2002 aqua
891 1960 948 2002 ips-1
971 1959 1009 1990 cst
1027 1959 1140 1996 levior,
1163 1971 1257 2003 quove
1276 1958 1359 1989 altius
1382 1958 1491 1989 collum
1507 1959 1560 1989 dc-

327 2007 487 2044 nin-gitur,
510 2004 564 2034 hoc
586 2016 655 2046 aqua
675 2006 768 2034 minus
792 2005 923 2045 gravitat.
961 2005 1070 2035 Verum
1086 2014 1119 2033 ex
1141 2002 1193 2033 illo
1215 2002 1401 2033 instrumento
1419 2013 1557 2046 quantum

327 2046 420 2088 liquor
447 2046 549 2091 aliquis
582 2047 668 2078 alium
691 2046 816 2086 ejusdcm
841 2045 997 2077 voluminis
1028 2045 1153 2091 pondere
1175 2045 1283 2087 superet
1306 2067 1315 2081 ‚
1342 2044 1470 2088 dignosci
1497 2055 1557 2075 non

326 2090 401 2129 polle
424 2094 518 2132 paucis
541 2090 644 2122 abhinc
668 2089 808 2120 mensibus
825 2093 853 2119 in
880 2089 1034 2120 Academia
1060 2089 1182 2120 ostendit
1210 2090 1249 2119 D.
1266 2088 1421 2127 Homberg
1438 2111 1446 2123 ,
1470 2087 1498 2118 id
1522 2099 1556 2118 ue

323 2131 409 2175 longe
434 2137 587 2166 accuratius
607 2145 641 2165 cx
661 2132 772 2167 bilance
796 2133 892 2165 haberi
910 2130 986 2176 posse
1006 2155 1015 2169 ‚
1042 2132 1062 2164 si
1090 2132 1184 2177 phiala
1206 2132 1372 2175 angustioris
1387 2123 1455 2163 c‘olli
1473 2132 1556 2168 adaia
