1638 2345
382 532 1045 588 PRAEFATJO.

141 712 166 726 ἢ,
201 718 217 727 β,
301 701 303 703 -
336 720 340 723 ,
373 671 529 712 NNus
568 666 633 711 hic
661 668 716 711 est
739 668 922 730 septimus
954 705 968 724 ‚
1003 669 1096 712 cuin
1129 668 1333 731 perillustri

157 734 180 769 Γ
258 727 265 730 ’
314 733 327 752 ³
374 727 538 774 Abbate
574 733 774 789 Bignonio
803 734 957 775 Autore
980 730 1060 774 hoc
1084 734 1224 792 Operis
1247 730 1332 773 sum

241 789 249 796 '
376 790 579 853 aggressus.
605 795 691 845 Jam
714 806 804 835 ante
819 796 962 854 viginti
987 808 1111 835 annos
1130 789 1333 835 Illustriffi-

376 857 430 895 mi
463 851 650 896 Colberti
669 851 769 908 juffu
796 858 931 915 Regiae
950 857 1203 897 Scientiarum
1230 855 1336 897 Aca-

375 913 512 957 demiae
543 913 762 958 Historiam
777 950 790 968 ,
815 919 926 958 initia
943 923 983 960 ἃς
1009 913 1226 977 progressus
1248 914 1335 956 Gal-

101 971 180 1015 lico
209 978 396 1018 Sermone
423 974 588 1019 scribere
619 992 866 1038 occoeperam
887 1012 900 1030 ,
940 974 1006 1020 scd
1036 975 1118 1019 aliis
1139 975 1332 1018 districtus

101 1032 304 1078 laboribus
316 1036 549 1079 inchoatum
566 1040 678 1097 Opus
687 1036 916 1098 abrumpere
928 1040 1087 1080 coaCtus
1108 1033 1206 1078 sum.
1222 1039 1332 1079 Tum

102 1099 206 1137 enim
227 1112 333 1140 totus
360 1101 400 1140 in
428 1097 692 1158 Philosophiae
708 1103 846 1141 vereris
868 1105 907 1142 &
924 1116 1040 1142 novae
1065 1097 1332 1140 elucubratio-

101 1172 195 1200 nem
223 1158 527 1201 incumbebam:
550 1157 702 1201 tametsi
720 1159 767 1201 de
793 1158 893 1202 illius
924 1159 1121 1210 editione,
1146 1175 1231 1219 quae
1255 1175 1332 1220 po-

100 1217 178 1261 stea
195 1235 391 1263 annuente
423 1217 603 1263 Illustriss·
632 1219 914 1282 Archipraesule
932 1220 986 1263 est
1019 1220 1250 1272 consecuta,
1282 1235 1332 1262 ne

100 1279 333 1341 cogitabam
357 1281 530 1342 quidem.
559 1284 658 1325 Haec
683 1287 795 1324 variis
831 1284 1102 1344 experimentis
1120 1285 1161 1323 in
1180 1280 1331 1325 Acade-

99 1344 180 1383 mia
197 1337 307 1384 factis
324 1378 336 1396 ‚
357 1359 518 1386 necnon
540 1341 673 1386 multis
698 1341 1029 1386 dissertationibus
1055 1342 1240 1385 illustrata
1258 1358 1332 1403 pu-

104 1400 248 1445 blicam
276 1407 418 1447 meruit
444 1404 696 1447 Eruditorum
717 1402 1062 1466 approbationem.
1098 1403 1225 1463 Qd
1252 1408 1334 1463 qui-

101 1461 193 1505 dem
210 1478 254 1506 ut
275 1462 381 1507 senili
400 1465 567 1526 quadam
582 1468 766 1522 jactantia
784 1465 935 1508 dietum
946 1500 958 1518 ,
987 1462 1040 1507 fic
1058 1465 1331 1524 accipiendum

99 1523 256 1573 nolim3
286 1526 351 1569 sed
379 1542 423 1570 ut
459 1526 586 1588 palam
624 1524 810 1587 profitear
855 1543 921 1569 me
959 1525 1154 1587 quidquid
1190 1529 1231 1568 in
1260 1525 1329 1567 illo

99 1587 234 1647 Opere
251 1587 300 1629 ad
321 1604 580 1631 communem
607 1584 737 1631 afferre
752 1584 945 1641 fruorum,
964 1595 1004 1631 δέ
1020 1591 1062 1630 in
1079 1587 1207 1629 lucem
1227 1587 1328 1648 aspe-

100 1648 289 1709 &umque
306 1646 478 1711 proferre
488 1648 588 1692 visus
598 1649 694 1702 sum,
708 1649 749 1692 id
765 1664 897 1692 totum
907 1648 1130 1694 Acadeiniae
1142 1647 1329 1690 debuiss'e.

162 1712 210 1751 Et
220 1712 380 1771 quidem
399 1710 617 1772 complures
628 1710 758 1764 Libri,
776 1714 880 1771 iique
901 1715 1047 1764 eximii,
1064 1725 1155 1753 curn
1173 1709 1329 1753 Acade-

100 1772 187 1812 miae
205 1772 390 1815 universae
408 1807 420 1825 ‚
443 1787 528 1816 tum
545 1769 789 1834 singulorum
808 1772 1142 1816 Academicorum
1163 1775 1331 1814 nomine

99 1834 180 1886 jam
198 1848 296 1893 pene
320 1833 370 1875 ab
394 1833 494 1876 illius
518 1849 609 1876 ortu
640 1834 869 1895 prod1erant
886 1833 1091 1881 inlucem3
1124 1849 1169 1875 ex
1187 1836 1329 1893 quibus

99 1888 213 1934 facile
234 1894 467 1958 intelligitur
476 1912 560 1956 quse
579 1903 796 1956 &quanta‚
816 1913 860 1938 ex
880 1911 961 1956 quo
980 1896 1063 1938 haec
1075 1894 1330 1937 Eruditorum

99 1952 312 1998 hominum
335 1961 505 2000 Societas
526 1957 547 2000 a
572 1962 684 2018 Rege
705 1954 1067 2000 munificentissimo
1089 1953 1165 1998 fuit
1184 1955 1332 1997 institu-

101 2031 161 2069 ta,
191 2015 415 2060 liberalibus
438 2015 647 2079 disciplinis
665 2015 767 2060 fast}
792 2016 908 2061 fuerit
935 2015 1108 2062 accessio.
1139 2016 1212 2059 Sed
1233 2015 1329 2058 illud

101 2074 331 2120 diffiniulare
352 2095 437 2122 non
460 2084 613 2141 possum
634 2115 645 2133 ,
665 2096 748 2140 qua:
767 2081 891 2142 Typis
909 2084 1046 2141 Regiis
1072 2077 1208 2120 excusa
1242 2075 1329 2120 sunt

1115 2157 1136 2181 a
1156 2156 1180 2195 ι]
