1638 2345
200 129 288 160 Anu.

203 178 290 211 1696.

311 84 379 125 '400
627 86 815 118 REGIAE
856 86 1264 122 SCIENTIARUM

357 130 433 170 Qae
447 128 567 172 quidem
591 129 710 162 absurda
728 134 759 160 in
781 130 950 174 corporibus
973 129 1129 164 levioribus
1141 155 1151 168 ‚
1170 144 1200 164 ut
1219 137 1249 166 in
1267 145 1331 166 cera
1349 159 1358 172 ,
1385 138 1416 168 δε
1439 136 1536 170 subere

311 183 391 204 erunt
407 172 608 204 minifestiora.
630 175 710 205 Nam
731 184 765 204 cx
785 172 862 204 illius
881 171 986 205 tabulis
1002 174 1108 218 globus
1124 175 1255 208 subcreus
1273 184 1291 208 6
1313 177 1395 211 lineae
1421 180 1539 212 descen-

311 215 341 246 su
355 214 404 246 suo
416 215 529 248 cessabit
539 239 548 252 ,
562 228 714 260 antequam
735 219 771 256 38
787 216 872 260 pedes
888 216 1055 250 confecerit.
1071 221 1144 250 Haec
1154 223 1251 264 utique
1265 221 1364 252 omissa
1383 235 1440 255 non
1453 235 1539 266 opor-

310 260 384 295 tuit,
409 270 439 290 ut
459 262 626 291 accuratiori
641 262 766 291 examini
785 260 969 304 subjiciantur
986 284 996 297 ,
1010 273 1080 293 neve
1093 274 1219 301 errores,
1241 263 1260 296 si
1281 267 1331 308 qui
1349 265 1538 312 obrepserint,

309 303 483 335 inemendati
504 302 712 347 relinquantur.

355 347 437 378 XV.
459 345 588 378 Eandem
608 347 648 378 ob
669 351 810 380 rationem
835 349 878 379 D.
903 351 949 381 De
971 346 996 379 la
1015 351 1089 381 Hire
1106 350 1153 381 die
1173 363 1207 390 14
1224 351 1296 394 Julii
1320 353 1454 397 quasd·m
1475 368 1538 399 pto—

309 388 465 431 positiones
484 389 686 430 hydrostaticas
711 391 727 421 a
749 393 789 424 D.
814 394 953 423 Mariotte
975 392 1009 423 ad
1026 394 1160 426 incudem
1185 399 1339 429 revocavit.
1363 396 1438 429 Illud
1461 402 1539 430 enim

310 432 459 464 fatendum
482 434 538 470 est,
559 433 639 478 quod
663 437 693 465 in
709 447 738 466 ea
760 435 950 467 dissertatione
968 435 1122 479 ptaefatur,
1146 437 1353 471 difficillimum
1379 441 1434 472 esl'e
1450 441 1538 485 liqui-

308 474 414 507 dorum
432 478 522 516 vires,
542 488 608 508 curn
629 480 658 508 in
678 477 777 522 scipsa,
798 490 846 510 aut
866 483 894 510 in
917 479 987 510 dura
1001 491 1088 521 agunt
1107 492 1244 525 corpora,
1264 484 1390 514 accurate
1408 484 1538 520 definire.

308 518 396 550 Unde
422 518 526 551 multas
544 523 572 551 in
588 522 717 552 Heronis
734 526 920 566 pneumaticis
939 522 1147 566 propositiones
1169 525 1290 557 ostendit
1314 530 1352 559 D.
1376 529 1422 557 Dc
1443 527 1468 558 la
1485 531 1539 561 Hi-

307 571 338 591 tc
351 581 362 596 ‚
376 572 438 604 quae
455 562 571 594 defendi
588 563 748 596 nullatenus
759 566 891 607 poliunt,
917 578 947 598 ut
961 565 1062 608 aliquae
1089 568 1152 598 sunt
1169 569 1308 601 michinae
1326 593 1332 605 ,
1354 582 1380 613 (Γ.
1394 583 1416 601 ae
1438 570 1457 602 si
1473 584 1540 604 exe-

308 607 417 635 cutioni
443 606 645 638 mandarentur
659 633 668 646 ,
679 608 824 651 proposito
839 609 896 641 fine
914 609 1121 643 fraudarentur.
1135 613 1182 642 Sic
1199 615 1228 642 in
1245 613 1394 657 Opusculo
1411 616 1451 645 D.
1475 617 1540 646 Ma-

307 649 394 679 riotte
415 648 450 679 de
471 653 550 693 aquis
571 651 709 682 nonnulla
729 656 788 693 ejus
806 657 916 695 generis
933 656 1110 686 correctione
1132 666 1225 698 egent.
1248 658 1342 699 Hujus
1367 661 1476 701 generis
1499 659 1539 690 cst

306 688 429 722 secunda
449 695 546 735 regu¹a
560 715 569 728 ‚
593 704 679 736 quarn
697 697 725 726 in
743 707 822 738 parte
845 696 964 728 secunda
983 698 1023 728 sui
1043 701 1136 741 operis
1154 702 1313 743 proponit,
1335 701 1381 731 ubi
1397 701 1487 732 nisum
1507 706 1539 736 δι

306 737 368 764 vim
389 746 468 778 aquae
494 735 616 768 salientis
636 741 754 782 exponit
769 741 798 770 in
818 739 976 782 subjediuni
991 741 1160 785 receptaculi
1180 742 1311 774 foramen
1323 768 1330 777 .
1346 743 1427 775 simul
1441 747 1472 775 ὅ(
1493 749 1539 776 ae'-

307 779 346 808 ris
363 779 530 822 impulsum.

350 822 384 851 In
404 832 504 864 quarta
527 823 624 866 regula
643 823 763 856 alteram
781 829 918 869 proponit
937 827 1100 859 machinam
1118 828 1158 859 D.
1181 831 1319 861 Mariotte
1332 852 1342 864 ,
1363 840 1419 871 qua
1435 829 1537 862 salien-

306 866 342 894 tis
367 875 446 906 aquae
467 867 581 905 justus,
605 871 636 898 ὅ(
661 872 720 907 ejus
737 872 795 900 vim
812 870 939 901 dimetiri
958 868 1048 900 liceat.
1070 873 1104 900 In
1118 883 1236 914 utraque
1258 872 1452 916 propositione
1475 878 1537 906 uni-

304 907 409 938 verfim
424 912 565 940 enuntiari
586 909 700 952 probat·
715 912 756 943 D.
772 913 819 942 De
835 911 860 942 la
881 914 975 948 Hire,
993 913 1073 956 quod
1090 915 1120 944 in
1147 926 1226 946 certo
1244 917 1446 947 tantummodo
1474 917 1538 949 casu

305 948 438 991 singulari
455 963 553 982 vetum
571 954 618 989 est,
645 953 722 983 Cum
746 957 833 985 etiam
850 958 899 985 ae'r
916 959 947 986 ὅ(
972 966 1044 996 aqua
1063 955 1122 986 duo
1145 957 1199 989 sint
1220 969 1340 1002 corpora
1353 959 1461 1003 liquida
1481 973 1537 992 na-

305 1003 375 1024 tuiae
396 994 514 1025 diversae
532 1018 541 1031 ‚
565 1007 689 1038 quorum
706 1008 797 1029 unum
815 1001 969 1041 comprimi
990 998 1074 1030 facile
1093 999 1178 1043 possit
1195 1023 1206 1038 ,
1226 1000 1346 1033 alterum
1374 1014 1433 1033 non
1452 1006 1536 1040 item,

305 1046 405 1067 eorum
430 1037 547 1069 effeetus
567 1040 709 1083 explicatu
731 1040 794 1072 sunt
819 1040 1006 1072 difficiliores.

352 1083 379 1110 X
395 1084 420 1111 V
435 1083 458 1112 1.
482 1082 587 1125 Neque
609 1084 637 1114 id
656 1086 760 1115 mirum
785 1082 804 1115 si
829 1086 859 1115 in
877 1084 960 1116 rebus
983 1084 1110 1117 obscuris
1134 1089 1237 1129 partim
1262 1087 1409 1129 Physicis,
1432 1094 1536 1133 partim

307 1124 498 1155 Geometricis
525 1129 664 1156 acerrimo
687 1129 742 1158 viri
770 1130 888 1170 ingenio
911 1128 1056 1159 interdum
1081 1129 1224 1161 nonnullo
1254 1142 1349 1162 errore
1376 1131 1505 1165 labantur
1527 1148 1537 1167 ;

305 1165 372 1197 cum
397 1167 623 1211 propositiones,
649 1181 712 1213 quae
731 1174 863 1201 omnium
885 1174 1012 1213 gentium
1034 1175 1066 1203 δε
1093 1183 1205 1204 :etatum
1233 1173 1401 1205 consensum
1424 1188 1537 1208 merue-

304 1221 387 1250 runt,
405 1214 434 1241 iu
454 1211 574 1243 dubium
594 1215 710 1244 veniant
723 1236 733 1249 ,
757 1217 788 1245 ὅ(
809 1226 843 1245 cx
866 1220 950 1246 certis
965 1237 974 1250 ,
996 1227 1026 1246 ut
1048 1215 1235 1252 videbantur,
1253 1220 1366 1249 incertae
1378 1219 1537 1253 admodum

306 1251 386 1285 fiant.
418 1256 513 1295 Hujus
532 1259 644 1298 generis
659 1257 697 1287 est
722 1267 802 1288 tetrae
822 1256 913 1299 figura
935 1258 1077 1301 Sphaerica
1090 1285 1098 1296 ,
1120 1260 1156 1290 de
1172 1271 1227 1302 qua
1249 1272 1312 1291 ante
1331 1262 1455 1293 nostram
1473 1276 1538 1296 irta-

306 1307 363 1327 tem
385 1297 463 1327 nulla
487 1310 557 1340 pene
582 1298 637 1329 fuit
655 1299 806 1331 dubitatio.
828 1302 918 1331 Nunc
940 1312 1034 1331 tamen
1053 1301 1090 1332 de
1111 1314 1142 1332 ea
1161 1315 1189 1332 re
1204 1314 1308 1345 magna
1321 1305 1358 1335 est
1376 1311 1537 1345 contentio,

302 1351 389 1382 quam
397 1339 461 1371 fue
472 1340 601 1383 exposuit
616 1343 656 1373 D.
671 1344 822 1385 Varignon
834 1343 881 1374 die
900 1354 935 1382 ¹9
948 1346 1022 1387 Aug.
1043 1345 1121 1376 Cum
1137 1345 1263 1389 plerique
1275 1358 1336 1377 eam
1357 1347 1410 1378 csse
1430 1351 1535 1391 Sphae-

304 1386 396 1414 ro'i'dis
418 1382 514 1425 figurae
534 1385 710 1420 existiment,
725 1396 757 1416 ut
781 1387 822 1416 D.
840 1384 880 1417 D.
907 1388 1028 1418 Neuton
1043 1391 1072 1418 &
1090 1389 1209 1432 Hugens
1224 1415 1231 1425 ‚
1247 1388 1282 1420 sic
1303 1387 1397 1421 tamesi
1419 1404 1449 1423 ut
1476 1397 1537 1424 axis

304 1435 385 1457 terra:
402 1425 434 1457 sit
450 1427 565 1457 brevior
578 1427 734 1463 diameter,
753 1428 838 1471 idque
853 1441 886 1460 ex
906 1433 935 1461 vi
949 1429 1107 1473 centrifuga
1118 1458 1127 1470 ,
1146 1444 1201 1475 qua
1218 1436 1313 1475 gravia
1333 1445 1452 1477 quaeque
1469 1447 1536 1468 cor—

303 1480 372 1512 pora
389 1469 404 1499 ὲ
425 1481 524 1500 centro
538 1471 638 1502 motus
658 1471 788 1502 recedere
805 1484 964 1509 conantur,
990 1475 1031 1505 D.
1056 1477 1178 1518 Hugcns
1197 1476 1318 1518 colligit.
1337 1480 1379 1508 Ac
1395 1482 1535 1519 inijorem

304 1511 358 1543 esse
372 1513 464 1544 nisum
487 1513 571 1545 illum
591 1514 642 1546 sub
664 1516 697 1544 ΑΞ
721 1526 835 1555 uatorc,
858 1528 891 1547 ex
914 1517 1103 1560 pendulorum
1128 1521 1234 1549 minori
1263 1519 1442 1562 longitudine
1464 1534 1536 1554 con-

304 1554 404 1589 cludit.
428 1561 507 1589 Nam
531 1556 650 1588 diurnus
672 1527 782 1589 teliuris
801 1571 912 1595 morus,
932 1563 1025 1602 inquit
1040 1584 1049 1596 ,
1066 1561 1133 1592 cum
1157 1561 1189 1593 sit
1206 1566 1299 1603 major
1322 1563 1370 1594 sub
1392 1565 1536 1606 AEquato-

303 1609 334 1629 te
345 1621 355 1634 ‚
367 1600 453 1641 quam
473 1601 569 1632 versus
587 1601 674 1631 Polos
685 1624 693 1636 ‚
708 1601 744 1632 de
761 1613 916 1646 corporum
929 1607 1068 1645 gravitate
1084 1605 1193 1647 aliquid
1212 1606 1334 1637 detrahit
1348 1630 1357 1642 ,
1378 1619 1461 1650 atque
1474 1621 1534 1640 ine-

303 1642 395 1673 rhodo
420 1645 603 1675 Geometrica
620 1656 682 1688 quae
701 1644 734 1676 sit
757 1647 830 1677 ratio
852 1646 936 1689 hujus
956 1648 1032 1678 nisus
1053 1647 1088 1678 ad
1105 1653 1275 1691 gravitatem
1295 1650 1455 1682 absolutam
1486 1655 1535 1683 in-

303 1695 402 1727 quirit.

349 1729 408 1759 Alii
430 1742 527 1761 contra
542 1742 624 1761 axem
647 1742 726 1762 tetra·
746 1730 800 1763 esse
819 1737 958 1774 majorem
977 1733 1053 1765 illius
1074 1734 1244 1765 diametrum
1266 1739 1439 1779 opinantur:
1464 1739 1536 1771 adeo

302 1782 332 1802 ut
350 1771 450 1812 singuli
474 1774 632 1805 Meridiani
657 1773 709 1806 sint
728 1774 859 1817 ellipticae
875 1775 990 1818 figuret,
1007 1778 1093 1821 idque
1106 1790 1140 1809 cx
1159 1782 1244 1810 variis
1263 1790 1343 1810 terrae
1364 1781 1502 1813 mensuris
1517 1783 1535 1813 ὲ

303 1814 419 1846 diversis
444 1817 604 1848 Autotibus
623 1817 715 1848 allatis
739 1819 837 1862 colligi
862 1820 937 1862 posse
962 1832 1072 1863 putant.

351 1861 442 1890 Mitto
463 1859 515 1890 alia
539 1860 687 1903 complura
706 1862 789 1902 hujus
807 1865 873 1894 anni
891 1863 1009 1895 decursu
1025 1868 1127 1908 agitata
1141 1888 1150 1901 ‚
1174 1876 1234 1897 tum
1249 1869 1277 1896 in
1299 1866 1432 1904 Musica,
1456 1871 1536 1911 cujus

303 1911 414 1933 novum
435 1902 553 1943 systema
573 1904 702 1946 exposuit
729 1908 769 1936 D.
796 1908 944 1942 Sauvcur,
968 1918 1029 1938 tum
1049 1911 1079 1939 in
1101 1911 1220 1952 Optica.

351 1947 475 1978 XVII.
507 1948 554 1977 De
567 1946 722 1978 accelerato
746 1960 826 1980 motu
845 1953 977 1992 gravium
994 1951 1216 1983 dissertationem
1238 1952 1253 1982 ὲ
1280 1953 1382 1997 scripto
1405 1957 1533 1986 recitavit

303 1988 344 2021 D.
368 1990 413 2020 De
438 1992 536 2032 Lagny
559 1991 660 2020 Mense
679 1992 781 2033 Junio.

349 2033 564 2064 Demonstratio
589 2033 739 2064 indefinita
765 2034 799 2065 dc
825 2040 927 2067 centris
949 2040 1094 2079 gravitatis
1113 2038 1194 2070 arcus
1213 2038 1363 2082 cujuslibet
1383 2040 1505 2084 Elliptici
1520 2063 1531 2076 ‚

302 2076 333 2106 δι
355 2075 570 2120 superficierum
586 2103 594 2112 ,
620 2088 688 2119 quas
713 2078 755 2109 isti
773 2090 851 2110 arcus
868 2079 1053 2117 describunt,
1074 2081 1141 2113 cuin
1160 2086 1236 2114 circa
1265 2085 1397 2126 quamvis
1419 2085 1532 2116 diame-

1452 2138 1528 2158 trum
