1638 2345
210 161 233 189 Α
246 170 299 188 xx.

206 210 288 239 1669.

322 127 361 152 60
604 124 788 154 REGIAE
832 123 1247 157 SCIENTIARUM

756 234 788 270 C
814 236 846 272 A
872 237 897 273 Ρ
919 238 958 273 U
981 236 1015 271 T
1068 236 1084 270 1
1106 237 1133 272 1.

608 305 658 334 De
693 298 827 352 Analyfi
857 300 1043 350 plantarum
1071 302 1259 348 generatim.

318 381 340 410 l.
357 382 498 457 CUm
521 383 594 415 illud
617 385 779 417 Academiae
799 384 865 417 effer
881 387 1057 430 propositum
1070 409 1080 422 ,
1101 397 1131 418 ut
1148 386 1307 430 plantarum
1328 387 1442 420 historia
1456 388 1543 431 quim

440 424 503 456 fieri
523 427 612 470 poss'et
634 428 839 461 accuraiiffime
857 430 1026 466 haberetur,
1056 441 1112 472 qua
1134 430 1273 461 methodo
1299 433 1329 460 in
1348 443 1376 462 re
1394 436 1543 475 permagni

314 472 453 499 momenti
468 471 621 511 procedere
634 483 778 514 oporteret
804 474 846 503 D.
865 473 975 504 Duclos
998 473 1146 516 exposuit,
1169 485 1252 515 atque
1274 476 1346 504 inter
1361 474 1414 507 alia
1429 474 1464 506 de
1478 476 1543 506 illa—

312 522 377 541 rum
397 511 501 552 analyli
521 524 594 544 certa
615 517 723 545 ratione
753 514 883 547 facienda
899 515 989 547 multa
1013 515 1149 546 disseruit.
1182 516 1236 546 Sed
1253 528 1317 548 curn
1336 516 1542 549 laboratorium

313 554 443 585 nondum
452 556 515 586 ell'et
526 557 734 588 insti-ustum&
749 569 895 601 paratum,
914 559 950 589 de
960 562 1114 590 mixtorum
1125 559 1296 589 resolutione
1310 559 1377 601 legit
1399 560 1542 604 prolixam

312 596 428 638 quidem
444 620 452 632 ,
474 597 519 628 sed
536 611 594 630 non
608 601 778 632 ineruditam
789 601 1013 633 dissertationem
1027 625 1036 637 ,
1052 605 1131 643 cujus
1146 603 1200 632 hoc
1221 601 1281 633 fere
1293 604 1330 634 cst
1346 604 1540 636 summarium-

364 641 491 671 Primum
509 642 536 672 id
561 647 716 685 generatim
743 645 834 675 statuit
851 671 858 682 ‚
875 645 1019 686 chymicas
1031 646 1155 686 analyses
1172 648 1295 676 maxima
1308 658 1340 677 ex
1358 659 1435 689 parte
1449 652 1540 691 ignis,

310 686 405 719 airis,
428 688 458 715 δι
483 683 696 718 diffolvenriurn
718 687 862 729 liquorum
881 700 936 730 ope
955 687 1062 731 perfici.
1098 691 1176 730 Ignis
1197 700 1288 731 partes
1311 693 1392 721 mixti
1413 696 1540 735 corporis

311 726 416 768 separat
435 739 482 758 aut
503 728 597 759 calore
620 730 682 760 solo
698 755 707 769 ‚
737 742 787 762 aut
807 731 1013 764 combustione.
1047 731 1136 762 Calor
1156 734 1230 774 ignis
1250 743 1362 763 motum
1385 737 1487 766 excitat
1509 739 1540 766 in

310 773 393 801 mixti
408 771 534 813 partibus
556 798 564 808 ‚
589 784 619 803 ut
642 777 732 816 magis
747 785 795 805 aut
817 778 910 805 minus
931 774 993 805 sunt
1015 774 1145 808 mobiles.
1179 777 1253 816 Qa:
1269 779 1346 806 enirn
1359 788 1392 807 ex
1408 788 1489 820 aequo
1503 779 1540 810 ad

308 824 422 844 motum
443 814 506 846 sunt
530 826 700 858 comparata?
723 844 731 856 ‚
754 820 828 860 ignis
848 817 941 848 calore
973 818 989 847 a
1011 817 1036 848 sc
1064 828 1164 849 mutuo
1186 821 1246 848 non
1264 818 1440 851 divelluntur
1460 843 1470 856 ‚
1492 822 1540 854 scd

309 856 412 887 eodem
433 857 534 890 caloris
553 860 642 901 gradu
664 864 772 904 agitatae
797 860 879 891 simul
899 861 1054 893 ascendunt
1077 884 1086 897 ,
1119 865 1150 892 &
1173 861 1208 892 ab
1227 863 1260 891 iis
1277 874 1339 905 quae
1362 863 1399 894 ad
1425 875 1539 896 motum

308 899 371 931 sunt
390 901 526 932 tardiores
542 924 551 937 ‚
574 901 765 946 sejunguntur.
799 906 872 945 Qae
893 903 1006 935 fixiores
1027 904 1090 935 sunt
1105 927 1114 940 ‚
1136 907 1166 935 vi
1181 903 1283 935 caloris
1301 917 1360 936 non
1378 907 1537 943 rarescunt,

308 942 356 972 {cd
379 945 524 976 interdurn
545 947 648 976 aterius
671 957 736 977 cum
754 948 815 978 aliis
845 947 909 978 fixis
932 949 1093 989 conjunstae
1115 958 1240 980 manent.
1277 949 1324 978 Sic
1339 961 1430 991 partes
1445 950 1538 983 salinae

307 996 353 1015 aut
376 986 533 1030 sulphureae
557 991 718 1021 vehementi
739 990 833 1021 calore
855 989 921 1020 fusa:
941 1001 1006 1021 cum
1032 994 1149 1022 terrenis
1176 990 1278 1022 intime
1304 995 1537 1036 conjunguntur,

307 1039 337 1058 ut
358 1030 454 1060 videre
474 1033 555 1061 estin
574 1034 647 1062 vitro
661 1056 670 1068 ‚
695 1033 742 1064 ubi
764 1045 848 1064 arena
863 1033 949 1064 salem
967 1044 1024 1065 tam
1041 1033 1117 1064 arete
1141 1033 1193 1065 fibi
1207 1034 1375 1067 devinetum
1388 1047 1486 1073 tenet,
1506 1048 1538 1069 ut

306 1075 380 1114 ignis
396 1075 572 1105 vehementis
594 1075 725 1107 ardorem
748 1076 830 1109 ferat.

354 1117 426 1146 Non
450 1120 536 1159 igitur
557 1119 702 1160 inquiebat
724 1145 732 1156 ‚
755 1120 833 1151 calor
856 1133 905 1164 pet
925 1121 951 1152 se
977 1122 1155 1165 homogenea
1175 1131 1328 1165 congregat
1342 1144 1351 1157 ‚
1377 1125 1408 1153 ὃ(
1431 1123 1538 1167 separat

306 1159 492 1201 heterogenea
518 1175 524 1192 :
541 1160 596 1190 Sed
615 1173 678 1192 eum
698 1162 833 1194 duntaxat
851 1176 962 1195 motum
982 1164 1069 1196 efficit
1084 1188 1094 1201 ,
1118 1176 1175 1207 quo
1191 1176 1284 1208 partes
1303 1165 1434 1207 quaedam
1457 1179 1537 1198 rare-

306 1201 387 1232 f16tae
409 1202 443 1233 ab
461 1204 523 1235 aliis
555 1204 728 1238 divelluntur
754 1229 763 1242 ,
787 1218 850 1249 qua:
867 1208 968 1238 codem
993 1220 1074 1239 motu
1097 1211 1196 1250 agitari
1221 1219 1279 1238 non
1303 1208 1415 1251 possunt
1441 1223 1449 1245 ·‚
1472 1211 1535 1242 aliz:

305 1243 450 1287 liquantur
469 1251 499 1277 &
523 1259 587 1278 cum
605 1247 752 1280 fixioribus
772 1261 879 1281 novum
899 1249 1026 1282 efficiunt
1048 1250 1246 1294 compofitum.
1273 1253 1318 1282 Sic
1334 1255 1361 1282 in
1378 1256 1445 1283 vino
1470 1253 1535 1285 fur..

306 1289 366 1319 nuli
387 1289 479 1320 calore
498 1292 610 1334 spiritus
632 1291 847 1324 inflammabilis
866 1297 950 1325 citius
976 1295 1113 1325 rarescens
1134 1298 1241 1338 primus
1265 1294 1404 1326 attollitur
1427 1295 1462 1326 ad
1487 1307 1535 1327 ca-

305 1331 437 1373 pitellum
460 1333 593 1365 alembici
619 1346 627 1369 3
657 1347 717 1366 tum
745 1337 878 1380 phlegma
907 1337 1056 1373 succedit,
1091 1337 1201 1380 spiritus
1231 1338 1325 1368 acidus
1350 1339 1405 1368 hoc
1430 1342 1535 1382 excipit

304 1386 399 1406 minus
418 1376 539 1408 volatilis
561 1400 571 1413 ,
600 1389 660 1408 tuna
678 1379 775 1409 oleum
794 1402 803 1415 ‚
826 1380 905 1421 quod
925 1380 1084 1412 intensioris
1102 1380 1203 1411 caloris
1223 1380 1341 1423 gradum
1365 1384 1462 1424 exigit.
1498 1385 1533 1414 In

304 1420 363 1448 imo
379 1419 532 1452 cucurbita:
552 1433 642 1464 partes
663 1433 779 1453 manent
795 1422 909 1454 fixiores
924 1446 933 1458 ‚
960 1435 1022 1466 quae
1039 1427 1067 1454 in
1082 1435 1167 1454 unam
1186 1427 1292 1455 coelunt
1308 1424 1423 1455 massam
1440 1447 1451 1461 ,
1471 1425 1533 1457 haec

302 1464 410 1494 constat
431 1462 485 1493 sale
522 1468 552 1495 δε
580 1463 647 1496 oleo
671 1477 735 1495 cum
759 1477 834 1497 terra
857 1468 973 1497 arc'tiori
987 1466 1103 1497 vinculo
1118 1466 1270 1509 colligatis.

344 1508 355 1535 1
371 1509 392 1536 1.
426 1506 635 1539 combustione
653 1509 796 1540 interdum
817 1521 855 1541 επ
873 1522 965 1553 partes
985 1509 1144 1554 separantur
1166 1521 1235 1552 quas
1258 1509 1331 1541 solus
1346 1511 1424 1541 calor
1438 1510 1532 1543 divel-

300 1548 358 1579 lere
373 1561 431 1580 non
450 1562 559 1593 poterat
574 1566 580 1582 z
607 1551 723 1595 sulphur
737 1556 766 1582 in
779 1552 842 1584 vase
855 1552 969 1584 occluso
990 1556 1049 1595 igni
1062 1553 1210 1584 admotum
1228 1557 1255 1584 iu
1279 1553 1362 1585 flores
1378 1553 1454 1593 abit,
1479 1567 1531 1586 ne-

299 1602 354 1632 que
378 1596 437 1632 ejus
463 1606 554 1636 partes
574 1595 761 1637 separantur:
786 1595 831 1627 sed
851 1596 929 1627 idem
954 1596 1003 1627 sub
1029 1608 1164 1640 campana
1187 1597 1398 1629 inflammatum
1421 1609 1530 1640 partem

299 1636 338 1665 sui
357 1635 466 1666 acidam
487 1636 502 1666 ὲ
527 1638 698 1680 pinguedine
719 1638 893 1671 bituminosa
914 1639 1045 1670 secretam
1072 1639 1187 1682 ptaebet.
1224 1643 1347 1683 Lignum
1370 1644 1397 1671 in
1414 1644 1529 1672 camino

299 1679 412 1709 firmum
439 1683 566 1716 emittit,
589 1685 638 1724 qui
660 1684 688 1711 in
717 1681 866 1724 fuliginem
891 1682 1020 1714 densatus
1043 1683 1165 1714 multum
1183 1682 1244 1713 salis
1268 1683 1391 1714 volatilis
1415 1686 1445 1714 &
1472 1684 1529 1715 sul-

299 1722 399 1764 phurei
422 1725 549 1755 continet
581 1738 587 1755 ε
619 1729 667 1766 qui
686 1725 802 1768 quidem
830 1726 867 1757 sal
890 1728 919 1756 in
939 1737 1043 1757 retorta
1057 1752 1065 1762 ,
1086 1737 1138 1757 una
1169 1737 1232 1757 cum
1255 1725 1321 1756 oleo
1340 1726 1428 1758 crasso
1442 1749 1451 1762 ‚
1475 1739 1527 1758 nec

298 1764 479 1797 inflammato
497 1769 668 1809 conjunstus
689 1780 792 1800 manet.

338 1810 406 1838 111.
446 1809 549 1840 Eadem
570 1811 608 1841 est
629 1813 700 1841 ratio
714 1812 844 1844 carbonis
863 1812 948 1853 lignei
965 1837 972 1849 ‚
993 1816 1040 1855 qui
1057 1825 1088 1843 ex
1112 1824 1182 1843 terra
1196 1836 1204 1848 ,
1229 1813 1327 1844 oleoso
1347 1813 1477 1857 sulphure
1494 1818 1526 1846 &

297 1851 350 1882 sale
371 1855 466 1883 minus
488 1852 598 1884 volatili
615 1855 721 1886 constat
740 1869 746 1886 ε
769 1867 819 1886 nce
839 1856 951 1887 diii’olvi
974 1857 1063 1899 potest
1085 1868 1114 1886 ea
1134 1855 1303 1900 compositio
1324 1860 1392 1888 citra
1410 1856 1527 1888 inflam-

296 1899 463 1926 mationem.
499 1897 576 1931 Nam
597 1898 684 1928 carbo
705 1898 767 1928 vase
788 1899 935 1930 conclusus
954 1902 982 1930 in
1004 1904 1068 1943 igne
1087 1904 1270 1941 quantumvis
1284 1900 1399 1931 ardente
1421 1901 1527 1943 {emper

297 1938 374 1968 idern
394 1940 492 1981 perstat
508 1962 516 1975 ‚
541 1940 619 1981 quod
639 1944 697 1981 ejus
719 1941 833 1984 sulphur
854 1946 936 1973 unius
959 1943 1060 1973 caloris
1084 1946 1111 1972 vi
1133 1943 1246 1973 incendi
1263 1955 1320 1973 non
1345 1943 1428 1986 poslit
1442 1967 1451 1980 ,
1474 1943 1525 1975 niti

297 1984 355 2011 aeri
387 1993 480 2024 pateat
509 1983 599 2014 aditus
624 1995 631 2018 3
654 1995 718 2014 cum
743 1996 815 2015 tciri
839 1990 867 2016 ἃ
892 1986 942 2015 sile
966 1989 1002 2016 ira
1025 1985 1150 2016 cobaeret
1167 2012 1174 2023 ‚
1200 1998 1229 2017 ut
1251 1998 1286 2016 nc
1309 1998 1380 2029 aqua
1406 1987 1524 2029 quidem

298 2023 383 2054 salem
405 2024 546 2057 dissolvat.
584 2026 639 2057 Sed
663 2030 692 2056 in
717 2039 815 2070 aperto
841 2032 903 2059 a'c're
935 2032 1006 2071 ignis
1027 2032 1053 2059 vi
1077 2029 1186 2059 rarescit
1208 2055 1215 2066 ,
1249 2034 1275 2060 δ’
1305 2030 1389 2061 carbo
1414 2031 1470 2062 abit
1493 2033 1523 2060 in

297 2069 404 2097 cineres
418 2093 424 2105 ,
444 2072 491 2111 qni
507 2069 589 2100 salem
603 2074 749 2101 continent
763 2094 772 2107 ,
785 2083 843 2101 non
859 2074 922 2114 igne
935 2095 942 2107 ,
957 2072 1001 2102 scd
1014 2082 1085 2114 aqna
1098 2072 1284 2104 exsolubiltm
1300 2086 1306 2104 ι
1322 2075 1394 2116 ignis
1406 2076 1482 2105 cuim
1493 2076 1521 2105 vi

299 2121 357 2140 non
376 2110 496 2152 liquatur
509 2135 518 2150 ,
543 2112 588 2144 scd
608 2125 672 2145 cum
689 2124 760 2146 terra
774 2117 874 2147 arctius
892 2115 1051 2159 colligatur.
