1638 2345
284 124 580 160 ACADEMIAE
613 123 892 157 HISTORIA.
927 122 1124 160 L1n2111„
1249 138 1304 165 &59

72 166 222 200 absolvere
239 167 305 199 visae
327 168 379 199 fint
394 194 401 208 ,
417 168 495 211 quod
509 169 623 211 Jupiter
641 180 730 211 prope
747 169 906 212 Perigaeum
921 169 1006 200 citius
1017 180 1074 199 uno
1089 172 1201 200 minuto
1221 171 1308 213 quhzn
1323 169 1420 212 Astra

71 223 162 255 prope
180 214 340 255 Apogaeurn
363 212 575 244 revolutionem
597 213 670 242 circa
687 223 817 244 centrum
841 211 998 244 conficeret
1010 234 1020 247 ,
1035 224 1102 243 cum
1125 224 1206 244 antea
1224 213 1307 244 diffe-
1325 215 1422 243 zomica

71 257 163 286 tentia
178 255 413 298 aliquotrantum
437 259 540 286 minut.
567 255 621 286 sec.
644 254 811 298 apparuisset
843 270 850 287 ε
880 255 933 287 alia
962 256 1101 286 nonnulla
1129 257 1307 287 animadver—

71 299 106 329 tit
119 301 192 329 circa
218 302 330 331 Lunam
354 303 385 331 ὅ(
404 299 496 330 stellas
518 298 597 329 fixas.
621 299 756 330 Medium
782 302 870 331 Lunae
895 311 1009 330 motum
1024 298 1039 329 ὲ
1060 300 1213 332 Veteribus
1235 299 1309 330 defi-

69 344 163 373 nitum
181 354 247 373 cum
262 342 314 373 suis
330 342 578 375 observationibus
589 364 599 377 ‚
620 346 661 373 uti
676 346 706 373 ὅ(
721 342 903 374 latitudinem
926 345 1017 387 Spicae
1033 346 1165 386 Virginis
1188 347 1218 374 δε
1241 355 1309 386 qua-

72 386 207 417 rumdam
229 386 347 417 aliarum
372 390 500 429 apprime
512 388 679 416 convenire.
1325 416 1332 422 ,

112 429 204 459 Paulo
225 429 368 472 longiores
393 429 499 462 fuimus
520 433 550 461 in
573 428 618 459 his
639 440 701 471 quae
714 429 748 460 ad
767 431 985 461 Astroncmiam
1000 431 1146 475 spectant,
1165 430 1311 461 breviores

72 474 100 501 in
117 471 179 502 aliis
204 472 300 504 futuri.

113 517 228 547 X111.
253 515 435 547 Problemata
462 515 593 558 quaedarn
619 517 790 547 Mechanica
817 521 847 548 δ’
871 529 948 548 nova
971 519 1012 548 D.
1036 521 1188 561 Varignon
1207 531 1308 562 propo-

62 556 134 588 suit.
158 560 216 589 Dic
237 571 274 595 14
300 562 401 590 Martii
422 560 590 590 structuram
608 560 748 591 machina:
768 559 918 601 cujusdam
935 561 1081 604 exposuit,
1100 565 1130 592 in
1148 573 1203 604 qua
1225 567 1310 604 aequi-

69 600 189 633 librium
215 605 287 633 inter
311 603 368 633 duo
395 602 521 646 pondera
548 614 759 647 quamcumque
775 605 848 633 inter
872 603 897 633 se
915 604 1037 635 habeant
1059 607 1200 636 rationem
1216 628 1225 641 ‚
1247 606 1310 637 ficri

70 648 182 686 nequir.
199 648 239 676 Ex
255 646 338 687 hujus
350 647 489 676 machina:
509 647 720 677 construetione
737 650 768 677 &
781 645 1028 678 demonstratione
1043 647 1120 678 aliud
1134 649 1250 679 deducit
1263 662 1310 693 pa-

70 687 208 718 radoxum
223 711 232 723 ‚
256 689 314 719 duo
337 689 464 732 pondera
484 702 546 733 qua:
568 694 597 720 in
613 689 638 720 se
661 689 688 720 se
713 689 814 720 mutuo
833 700 920 731 agunt
937 712 946 725 ,
972 688 1008 719 fic
1030 690 1143 733 disponi
1157 691 1257 733 polle,
1279 704 1310 724 ut

70 741 160 762 unum
181 731 312 763 ascendat
332 732 421 763 altero
442 744 502 762 non
521 732 720 763 descendente.
748 733 895 764 Machinae
920 732 1078 764 delineatio
1100 745 1165 764 cum
1185 734 1309 766 demon-

70 774 203 805 stratione
214 777 368 815 conjuncta
384 779 414 807 in
438 777 664 807 Commentariis
679 775 846 807 Academiae
859 774 1013 807 asservatur
1030 789 1036 806 :
1050 779 1092 807 uti
1107 780 1137 808 &
1156 776 1231 808 aliud
1246 791 1310 822 pro-

69 816 164 848 blema
182 821 397 850 Geometricum
421 823 451 850 &
474 821 617 863 Opticum
631 819 711 861 quod
726 820 765 850 est
781 819 922 862 ejusmodi
950 833 956 851 :
980 818 1081 850 Oculo
1099 819 1167 851 dato
1189 824 1218 851 &
1241 821 1311 852 aedis

70 859 187 902 alicujus
200 862 295 893 fronte
311 884 320 898 ,
345 862 392 893 scu
405 862 569 895 direCkione
583 865 683 908 quavis
699 862 762 894 data
775 886 784 898 ‚
808 866 838 893 in
861 875 892 893 ea
910 860 1005 893 fronte
1024 863 1121 894 locum
1137 866 1268 894 invenire
1279 867 1308 895 in

68 914 128 945 quo
149 909 257 947 quaevis
277 907 446 948 magnitudo
474 906 589 949 aequalis
609 906 757 948 apparebit
779 907 871 937 cuivis
890 905 970 936 alteri
988 906 1181 949 magnitudini
1201 910 1310 938 minori

67 949 97 977 in
121 949 220 980 eadem
239 948 333 980 fronte
348 960 394 980 aut
415 948 574 981 direfflone
596 950 631 980 ad
648 949 764 980 libitum
786 950 907 991 sumpta.

100 991 161 1022 Sub
182 992 260 1024 idem
275 1003 387 1035 tempus
405 994 446 1024 D.
464 992 612 1024 D’Aleme
637 996 854 1035 excogitataram
875 992 891 1022 ἦ
912 992 939 1022 se
954 992 1119 1023 machinam
1135 996 1213 1036 aquis
1223 994 1308 1025 attol-

67 1032 161 1065 lendis
187 1039 218 1067 &
240 1039 350 1078 magnis
377 1035 553 1079 ponderibus
576 1035 765 1067 subvehendis
786 1036 944 1079 proposuit.

104 1080 209 1111 le.
233 1079 376 1120 Qaedam
400 1078 457 1110 alia
478 1090 540 1110 tum
565 1081 771 1114 Geomeuica,
794 1090 853 1110 tum
877 1078 1050 1109 Mechanica
1075 1078 1306 1112 demonstrarunt

70 1121 113 1153 D.
137 1123 179 1153 D.
202 1124 249 1153 De
266 1123 291 1152 la
314 1124 388 1153 Hire
408 1126 438 1154 &
463 1126 635 1165 Varignon,
658 1133 741 1164 atque
757 1121 804 1152 ille
818 1122 955 1164 quasdam
979 1121 1156 1163 hydraulicas
1179 1125 1307 1154 Heronis

66 1166 213 1196 machinas
231 1166 351 1196 confuse
369 1165 527 1197 admodum
548 1166 563 1196 ὲ
579 1165 798 1196 Commandino
810 1165 966 1197 delineatas
981 1165 1108 1196 restituit.
1121 1166 1242 1196 Novam
1257 1178 1306 1197 ex-

69 1208 214 1240 trahendae
232 1209 335 1240 radicis
350 1209 492 1252 quadratae
515 1214 544 1241 in
568 1208 729 1251 majoribus
753 1211 879 1239 numeris
900 1211 931 1239 &
953 1207 1114 1239 faciliorem
1135 1210 1305 1241 methodum

69 1252 216 1293 exposuit;
237 1252 327 1284 multa
347 1254 466 1284 demum
492 1250 656 1283 observavit
669 1254 743 1282 circa
765 1263 844 1295 aquae
867 1251 1013 1282 ascensum
1026 1253 1056 1281 in
1079 1251 1186 1282 tubulis
1210 1256 1307 1283 vitreis

67 1294 172 1339 quibus
183 1297 280 1327 charta
298 1295 398 1327 bibula
417 1299 598 1340 imponitur,
619 1307 673 1331 e0,
691 1305 723 1326 ut
738 1294 871 1331 videtur,
884 1293 1005 1326 consilio
1019 1317 1028 1330 ,
1048 1305 1079 1326 ut
1100 1294 1174 1326 succi
1195 1299 1308 1327 nutritii

72 1341 102 1368 in
126 1338 277 1370 arboribus
297 1339 442 1370 ascensum
465 1339 628 1383 explicaret.

109 1384 187 1412 XV.
209 1386 266 1413 Die
292 1394 325 1421 30
349 1384 432 1425 Junii
454 1382 728 1414 demonstrationem
750 1382 826 1413 suam
847 1384 922 1412 circa
943 1382 1089 1425 liquorum
1113 1381 1306 1425 aequilibrium

70 1436 214 1467 exponere
237 1428 357 1468 incoepit
373 1427 413 1457 D.
440 1428 611 1467 Varignon,
625 1436 710 1467 quam
725 1425 818 1467 postea
836 1425 875 1455 est
889 1425 1058 1467 persecutus.
1075 1427 1149 1456 Haec
1163 1426 1234 1456 adeo
1247 1426 1307 1457 visa

68 1468 108 1498 est
130 1467 215 1508 digna
243 1480 306 1510 quae
330 1470 411 1499 Actis
444 1469 606 1499 Academia:
637 1466 739 1498 menfis
759 1467 888 1510 Januarii
914 1479 989 1498 anno
1013 1473 1090 1504 1692
1118 1470 1203 1499 editis
1229 1469 1305 1499 inse-

69 1521 187 1542 reretur.
210 1512 374 1544 Theorcma
388 1515 445 1553 jam
466 1511 481 1541 εὶ
505 1511 603 1543 multis
631 1514 712 1542 annis
733 1510 913 1554 propofitum
934 1514 964 1542 δε
990 1514 1077 1541 variis
1101 1515 1305 1554 experimentis

71 1554 292 1597 comprobatum
320 1557 358 1586 est
388 1555 539 1596 ejusmodi.
565 1557 594 1586 Si
615 1554 672 1585 duo
687 1553 738 1585 sint
753 1554 814 1586 tubi
833 1553 946 1597 aequalis
966 1553 1124 1585 altitudinis
1138 1559 1167 1585 δε
1180 1556 1308 1596 ejusdem

71 1596 161 1633 basis,
189 1609 314 1640 quorum
334 1598 404 1629 alter
418 1598 601 1639 cylindricoe,
623 1597 694 1629 alter
710 1601 817 1628 conicae
831 1609 902 1641 pene
919 1596 952 1628 fit
972 1596 1069 1639 figunt
1085 1620 1094 1632 ‚
1111 1600 1138 1627 in
1153 1597 1208 1629 basi
1226 1610 1308 1628 nem-

73 1652 108 1684 pe
128 1640 212 1672 latior
227 1642 313 1685 quim
337 1645 365 1672 in
393 1641 522 1677 summo,
548 1645 625 1685 iique
639 1653 710 1684 aqua
726 1640 887 1683 repleantur
900 1663 910 1676 ,
924 1651 956 1671 ac
972 1639 1056 1671 tubus
1073 1640 1247 1681 cylindricus
1265 1654 1308 1673 cx.

73 1695 117 1725 gr.
140 1696 201 1716 200
224 1697 302 1729 aquae
328 1684 413 1715 libras
430 1708 439 1720 ,
460 1687 579 1716 conicus
602 1695 640 1714 20
661 1683 774 1715 tantum
801 1687 919 1727 capiat:
949 1684 995 1714 hic
1016 1694 1126 1715 tantum
1148 1683 1284 1728 ponderis
1302 1710 1310 1721 ,

72 1727 216 1768 quantum
240 1730 278 1759 est
299 1732 327 1758 in
357 1731 446 1771 priori
469 1727 635 1762 sustincbst,
667 1727 795 1768 quandiu
817 1738 888 1769 aqua
904 1738 999 1758 manet
1020 1726 1140 1769 liquida.
1164 1729 1241 1759 Nam
1263 1729 1310 1759 ubi

74 1772 105 1799 in
127 1770 249 1812 glaciem
272 1774 470 1809 concreverit,
490 1783 550 1802 turn
565 1783 627 1814 quae
647 1773 753 1812 majore
765 1769 837 1801 rubo
857 1773 1042 1805 continetur,
1059 1770 1146 1813 longe
1162 1776 1252 1814 majus
1268 1772 1311 1803 su-

75 1812 191 1844 stincbit
212 1815 332 1857 pondus.
467 1820 469 1822 '

114 1857 163 1886 De
181 1869 209 1888 re
232 1858 289 1900 ipsa
309 1859 417 1889 constat
432 1881 441 1894 ‚
463 1857 508 1888 sed
522 1857 557 1888 dc
584 1857 666 1899 hujus
691 1857 809 1889 effeetus
832 1861 943 1889 ratione
960 1867 1019 1887 non
1037 1858 1110 1887 inter
1126 1868 1225 1887 omncs
1238 1868 1308 1886 con-

75 1902 164 1932 venit.
186 1903 259 1932 Sunt
278 1904 327 1943 qui
350 1913 412 1931 eam
437 1900 549 1932 causam
571 1899 690 1932 afferant
705 1924 714 1936 ,
738 1901 819 1944 quod
836 1913 908 1944 aqua
922 1903 952 1931 in
963 1911 1083 1943 utroque
1099 1900 1168 1930 tubo
1186 1899 1307 1929 fundum

74 1942 144 1974 vasis
161 1955 194 1974 cx
211 1956 293 1986 aequo
314 1955 440 1987 premam
461 1945 510 1975 alii
529 1943 588 1974 rubi
610 1947 637 1974 in
655 1948 763 1987 apicem
788 1943 937 1975 desinentis
957 1942 1043 1973 latera
1070 1953 1177 1985 partem
1195 1942 1306 1983 ponde-

76 1991 113 2017 ris
129 1987 201 2017 ferre
225 1991 386 2029 opinantur.
416 1990 531 2018 Horum
549 1987 694 2018 sententia:
718 1988 827 2019 accedit
845 1989 886 2018 D.
904 1989 1051 2028 Varignon
1069 2008 1076 2019 ,
1100 1989 1129 2015 &
1146 1997 1220 2015 nova
1237 1996 1292 2027 qua

56 2043 59 2047 ·
78 2030 143 2061 dam
161 2033 206 2060 via
227 2031 282 2060 hoc
301 2031 445 2061 theorema
472 2030 656 2061 demonstrat.

123 2075 188 2105 Post
209 2077 269 2113 ejus
309 2076 377 2103 anni
413 2075 540 2105 inducias
576 2076 616 2104 D.
642 2073 750 2105 Caflini
779 2086 864 2122 quam
896 2084 988 2103 mente
1016 2080 1183 2113 conceperat
1215 2075 1303 2102 conri-

79 2117 195 2148 nuandae
217 2118 301 2148 lines
324 2117 492 2148 Mcridianae
519 2119 666 2160 rationem)
688 2122 834 2161 propoluit
860 2140 870 2154 ,
891 2115 973 2148 fimul
998 2120 1028 2148 δε
1052 2118 1081 2145 in
1102 2115 1186 2144 variis
1210 2117 1303 2158 regio-
