1638 2345
196 133 286 164 Am.

195 182 276 212 1696.

307 97 431 158 394111.
472 130 603 161 Omnem
623 130 802 174 diligentiam
823 140 854 160 ae
870 129 992 160 studium
1018 129 1147 162 adhibuit
1165 134 1205 164 D.
1220 132 1351 165 Caffinus
1365 156 1374 170 ,
1400 145 1429 166 ut
1448 146 1536 178 quam

310 170 374 203 fieti
394 171 485 215 pollet
502 195 512 209 ,
535 172 657 216 plurima
684 185 717 204 cx
747 173 790 202 his
813 173 1014 215 phaenomenis
1035 184 1166 217 tempore
1188 179 1280 208 minus
1301 178 1456 208 commodo
1477 178 1536 209 ob-

308 213 431 246 servaret
457 229 464 247 ι
488 227 553 246 nam
575 217 684 247 coelum
703 227 768 247 anre
790 216 916 247 mensem
937 216 1062 260 persaepe
1081 216 1204 249 nubibus
1225 219 1381 251 obductum
1397 221 1534 253 obstabat.

308 260 342 288 In
363 258 394 289 id
412 258 589 302 potissimum
603 259 756 295 incubuit,
779 270 811 290 ut
830 259 1009 302 planetarum
1030 262 1249 302 conjunctiones
1270 266 1298 293 in
1321 263 1422 294 codem
1441 264 1537 307 paral-

305 299 363 332 lelo
383 301 607 345 deprehenderet
621 323 630 337 ‚
651 313 713 345 qux
736 302 947 334 observationes
970 304 1033 335 sunt
1055 307 1188 335 certiores
1212 308 1241 335 &
1266 306 1398 337 clariores
1420 328 1430 342 ‚
1453 307 1536 349 quod

305 343 425 386 planctae
438 356 498 375 tuni
520 347 657 387 temporis
680 345 846 389 quotidiana
860 345 905 376 sua
923 347 1103 378 revolutione
1121 359 1170 390 per
1183 359 1342 390 aperturam
1365 348 1425 380 tubi
1447 354 1536 392 oprici

304 386 340 417 ad
362 390 486 430 primam
510 386 618 418 stellam
640 388 704 419 illac
727 388 917 420 transeuntem
939 389 1060 426 directi,
1081 394 1110 422 &
1136 394 1166 421 in
1184 391 1285 423 eodem
1310 391 1360 423 litu
1373 392 1535 425 immobilis

304 432 332 460 in
349 429 532 473 conspectum
553 433 678 462 veniant.

351 473 484 516 Singulas
510 473 723 505 observationes
747 486 955 507 commemorat
984 479 1024 508 D.
1046 475 1177 508 Caffinus
1193 500 1203 514 ,
1227 481 1348 522 primam
1370 481 1472 510 Martis
1502 481 1534 510 &

306 518 427 547 Venetis
452 516 499 548 die
533 529 566 561 ²5
600 517 789 549 Novembris.
826 520 922 561 Atque
946 519 1014 550 hinc
1036 519 1228 552 differentiam
1253 524 1325 553 inter
1352 521 1535 554 Ascensiones

303 561 392 590 rectas
410 560 553 603 utriusque
574 559 693 603 planetae
713 564 785 592 cruit
806 573 825 600 7
845 562 923 604 grad.
942 574 975 604 ²5
1006 576 1013 594 z
1038 562 1084 594 sed
1109 566 1191 595 Mars
1212 565 1304 595 versus
1327 566 1458 596 Austrum
1473 577 1537 596 ma-

301 605 345 642 gis
364 602 525 634 declinabat
545 626 555 639 ‚
580 614 666 645 quam
694 608 793 636 Venus
813 617 822 636 ι
847 605 922 636 uncle
955 605 1122 637 conclusum
1148 607 1184 638 ab
1206 620 1240 638 eo
1262 607 1317 638 fuit
1340 608 1401 639 fore
1426 619 1456 639 ut
1486 620 1536 651 per

303 647 424 676 Veneris
455 646 622 688 parallelum
644 646 771 678 transiret
793 651 936 679 matutino
963 660 1091 693 tempore
1113 672 1123 686 ,
1152 649 1199 681 dic
1225 653 1358 694 proximo
1380 652 1506 694 sequenti
1525 665 1533 684 ε

302 685 350 718 sed
374 700 408 719 eo
431 688 477 720 die
496 689 605 720 coelum
625 693 747 721 omnino
768 690 901 722 nubilum
925 691 979 723 fuir
995 715 1006 728 ‚
1025 704 1057 724 ac
1074 695 1273 725 Baromctttim
1288 693 1404 737 firrplcx
1422 717 1431 730 ‚
1455 694 1537 736 quod

303 740 433 775 ternpore
461 731 670 764 observationis
709 733 745 765 ad
774 745 811 774 ²7
828 734 885 777 dig.
917 739 947 766 ἃ
978 739 992 765 3
1015 735 1068 767 lin.
1090 736 1269 767 altitudinem
1295 735 1477 773 ascenderat,
1501 749 1535 769 eo

301 773 349 804 die
367 785 444 806 tanta
461 774 605 807 celeritate
628 776 795 813 descendit,
821 789 851 809 ut
877 777 959 820 digiti
977 777 1154 810 latitudinem
1176 782 1249 810 intra
1273 779 1456 821 sesqiiidicm
1491 793 1537 813 cr-

302 827 453 854 curreret,
475 819 562 862 idque
579 820 783 853 tantummodo
805 820 895 851 altum
918 821 992 852 foret
1015 827 1052 854 26
1079 822 1139 865 dig.
1164 826 1192 854 &
1213 826 1229 855 8
1251 824 1301 854 lin.
1328 825 1403 864 Qae
1422 826 1451 854 in
1471 793 1537 856 loco

302 859 491 892 observatorii
515 863 553 893 est
572 866 691 893 minima
712 862 769 894 fere
791 863 960 906 hydrargyti
979 864 1100 896 altitudo
1126 879 1133 897 ε
1155 877 1206 896 nec
1222 878 1316 898 tamen
1338 867 1394 897 ulla
1418 869 1446 897 in
1470 871 1535 898 a'e're

302 901 376 933 faeta
396 905 435 935 est
457 907 577 936 mutatio
601 905 749 938 senfibilis.

343 948 410 979 IV.
450 948 548 978 Nocte
568 951 685 980 ineunte
711 961 759 993 per
782 948 883 980 sudum
903 961 1014 994 tempus
1038 961 1190 995 utrumqne
1213 951 1354 995 planetam
1376 952 1456 985 licuit
1478 953 1534 984 ob-

302 990 411 1021 servare
424 1015 433 1029 ‚
453 1002 536 1035 atque
557 993 594 1022 ita
620 1003 668 1034 per
688 993 850 1034 complures
871 993 931 1024 dics
951 1006 1051 1025 cotum
1073 993 1139 1026 situs
1161 999 1190 1026 ἃ
1218 997 1280 1025 loca
1295 996 1445 1039 explorans
1466 1019 1475 1032 ,
1500 1000 1531 1028 ὃ(

301 1036 516 1076 comparatione
536 1034 610 1065 faeta
635 1037 707 1066 inter
728 1035 944 1067 observationes
967 1037 1078 1068 dierum
1101 1049 1119 1077 7
1146 1042 1176 1069 &
1204 1050 1233 1069 12
1256 1038 1426 1070 Dccembris
1450 1051 1533 1070 com⁴

299 1079 374 1119 perit
390 1079 510 1107 Veneris
526 1077 727 1109 Ascensioncm
746 1080 852 1109 restim
877 1083 948 1110 intra
976 1092 986 1122 5
1014 1081 1124 1111 dietum
1143 1081 1261 1123 spatium
1283 1093 1460 1113 antevertere
1479 1082 1534 1113 As.

300 1117 462 1150 censionem
482 1121 584 1151 Martis
599 1131 631 1151 10
648 1124 718 1154 min.
738 1133 779 1162 ²4
800 1121 850 1152 see.
868 1125 905 1153 ita
922 1134 951 1153 ut
973 1134 1147 1166 unoquoque
1170 1124 1216 1155 die
1243 1137 1257 1155 ι.
1279 1128 1349 1156 min.
1369 1138 1386 1163 4
1415 1125 1465 1156 sec.
1485 1137 1533 1156 va-

301 1164 384 1193 riaret
401 1162 536 1195 Ascensio
552 1186 559 1198 ,
578 1174 663 1207 atque
679 1165 816 1195 omnibus
833 1166 987 1197 rationibus
1009 1168 1062 1197 rite
1081 1166 1225 1197 subductis
1243 1171 1350 1200 invenit
1373 1169 1418 1200 dic
1432 1181 1448 1206 9
1470 1170 1533 1200 De-

299 1205 421 1237 cembris
437 1207 500 1237 hor.
521 1211 552 1238 18
572 1205 836 1256 ÷cor¹juntstioncm
854 1211 956 1240 Martis
972 1213 1001 1240 ἃ
1022 1213 1144 1241 Veneris
1163 1210 1318 1253 contigill'e.

342 1256 378 1286 V.
421 1255 468 1285 Sic
492 1253 538 1285 die
561 1268 595 1287 21
621 1255 791 1287 Decembris
811 1257 944 1299 postridie
969 1256 1100 1292 solstitii,
1125 1269 1190 1288 curn
1213 1269 1294 1288 manc
1318 1259 1442 1289 screnum
1467 1257 1533 1291 esset

300 1296 408 1326 coelum
422 1318 431 1331 ,
453 1297 526 1328 vistis
546 1299 583 1328 est
607 1299 769 1328 Mercurius
788 1303 879 1337 major
896 1299 999 1335 solito,
1024 1303 1054 1330 δε
1078 1300 1160 1342 plane
1173 1300 1312 1331 rotundus
1327 1323 1336 1335 ,
1356 1301 1462 1332 tametsi
1479 1301 1533 1332 fal-

300 1348 379 1368 catus
406 1351 539 1382 apparere
569 1339 707 1370 debuisset
722 1363 731 1375 ,
764 1352 829 1370 curn
851 1340 1017 1372 inferiorem
1044 1342 1092 1382 sui,
1110 1342 1210 1373 circuli
1234 1354 1341 1385 partem
1358 1355 1530 1386 occuparet,

300 1380 386 1424 idque
402 1382 558 1424 vaporibus
575 1386 648 1413 circa
672 1383 854 1414 horizontem
872 1383 936 1414 fufis
955 1385 1140 1416 tribuendum
1163 1387 1301 1417 existimat
1321 1387 1361 1417 D.
1388 1386 1532 1419 Callinus.

302 1424 390 1455 Tubo
407 1429 504 1468 optico
524 1438 535 1467 5
556 1425 662 1469 pedum
682 1425 733 1456 suis
754 1425 811 1457 filis
830 1427 965 1457 instruero
981 1427 1142 1459 differentia
1159 1427 1337 1461 Ascensionis
1357 1433 1438 1461 rtrstae
1457 1430 1533 1462 solis

301 1469 332 1498 δι
358 1469 498 1499 Mercurii
522 1469 646 1511 sumpta,
663 1468 733 1499 tubo
749 1472 778 1499 in
794 1469 895 1500 codem
913 1469 965 1501 litu
982 1470 1101 1507 relicto,
1122 1471 1193 1502 dum
1213 1472 1254 1502 sol
1274 1484 1322 1514 per
1335 1474 1458 1505 eundem
1474 1477 1531 1506 cir.

299 1510 395 1542 Ullum
415 1512 560 1543 horarium
579 1511 726 1547 transiret,
746 1524 808 1556 qute
829 1512 990 1544 differentia
1012 1516 1126 1545 inventa
1146 1516 1184 1545 cst
1201 1518 1284 1546 unius
1307 1516 1383 1546 horre
1405 1527 1434 1557 13
1456 1520 1527 1548 min.

303 1565 338 1596 ς).
362 1554 414 1585 see.
440 1554 524 1598 patilo
555 1558 647 1595 major
670 1565 754 1595 quam
778 1555 878 1588 tabula:
906 1557 1129 1599 Epl=tmrridum
1153 1557 1255 1600 Argoli
1278 1558 1430 1590 exhibeant
1452 1583 1461 1596 ,
1496 1564 1528 1591 &
1571 1580 1575 1583 -

299 1600 418 1639 propior
442 1597 552 1629 calculo
579 1598 801 1642 Eplicineridum
824 1599 1019 1641 Mcryavachy
1040 1622 1050 1636 ,
1080 1611 1141 1643 quae
1165 1601 1215 1631 hac
1241 1604 1269 1631 in
1298 1613 1326 1632 re
1353 1601 1446 1634 multo
1466 1602 1528 1635 sunt

299 1644 493 1671 accuratiores.

341 1687 367 1715 V
383 1686 405 1715 1.
444 1686 561 1714 Ineunte
585 1684 640 1714 hoc
661 1695 736 1714 anno
768 1686 809 1716 D.
830 1686 954 1717 Mar-aldi
985 1683 1207 1718 dissertationem
1233 1688 1249 1719 ὲ
1273 1688 1375 1732 scripto
1399 1691 1527 1720 recitavit

300 1725 335 1756 de
352 1730 435 1758 variis
456 1727 660 1757 mutationibus
673 1749 681 1762 ,
727 1740 767 1758 uae
786 1732 858 1759 circa
873 1731 1100 1772 magnitudinem
1123 1730 1264 1761 stellarum
1283 1742 1464 1775 apparentem
1479 1743 1527 1762 ac-

299 1769 428 1800 ciderunt
448 1773 522 1809 iuxra
538 1781 663 1802 veterum
684 1772 708 1800 A
736 1782 921 1802 ronomorum
942 1772 1164 1804 observationes.

342 1813 384 1845 D.
398 1812 529 1843 Callinus
549 1813 595 1843 die
619 1825 651 1853 23
669 1813 749 1854 Jrrnii
772 1813 983 1847 observationes
1006 1815 1065 1847 suas
1079 1816 1145 1858 irgit
1166 1820 1238 1847 circa
1262 1817 1405 1849 transitum
1423 1819 1527 1850 Martis

300 1866 350 1899 per
361 1856 443 1898 Jovis
456 1856 633 1899 parallelum.
658 1857 736 1887 Idem
753 1858 799 1887 die
814 1869 824 1887 1
841 1859 1014 1901 Srprcmbris
1027 1859 1158 1902 scriptum
1175 1859 1241 1902 legit
1255 1860 1290 1890 dc
1302 1861 1411 1892 duabus
1425 1861 1526 1898 fasciis,

300 1899 388 1941 iisque
407 1910 464 1928 non
489 1910 567 1929 antea
586 1898 649 1929 vifis
665 1921 674 1933 ,
697 1910 764 1940 quas
783 1904 810 1931 in
827 1902 939 1932 Saturni
954 1901 1043 1944 globo
1062 1903 1177 1934 derexit.

343 1945 370 1972 V
388 1944 434 1972 ll.
460 1942 500 1972 D.
515 1941 668 1972 Chazelles
687 1943 898 1975 observationes
918 1944 932 1974 Ξι
952 1945 976 1975 se
997 1946 1082 1976 factas
1101 1948 1181 1976 annis
1203 1951 1272 1984 1693
1293 1951 1323 1979 ὅ(
1341 1959 1379 1987 94
1394 1950 1424 1978 in
1439 1950 1524 1980 variis

300 1988 384 2016 maris
408 1985 612 2015 Mediterranei
642 1984 710 2015 locis
732 2008 741 2020 ‚
772 1986 849 2030 quod
881 1986 951 2028 jussu
982 1990 1070 2031 Regis
1094 1989 1323 2021 christiiniffimi
1344 1992 1524 2023 observando

300 2031 459 2070 peragravit
474 2050 482 2062 ‚
505 2039 570 2058 curn
598 2028 750 2061 Academia
764 2052 771 2063 ,
802 2032 846 2059 cui
870 2033 926 2071 jam
942 2042 1022 2062 antea
1048 2032 1202 2075 aiscripim
1223 2033 1312 2065 suciat
1330 2058 1338 2070 ‚
1360 2038 1522 2065 communi-

300 2082 399 2107 cavit,
424 2082 456 2102 ex
471 2070 573 2114 quibus
589 2071 702 2103 urbium
719 2072 826 2115 aliquot
849 2072 1039 2117 longitudines
1064 2079 1093 2107 &
1120 2075 1282 2109 latitudines
1305 2082 1376 2111 eruit
1398 2082 1521 2122 primum
