1638 2345
310 104 366 142 368
628 98 797 131 REGiAE
833 97 1211 131 SCIENTIARUM

196 146 284 178 Anu.
309 151 384 181 1692
413 153 478 174 cum
497 141 651 174 Academia
666 144 909 173 communicavit:
930 141 1008 183 quod
1027 140 1144 183 quidem
1159 144 1203 172 vir
1218 142 1319 174 doetus
1334 144 1364 175 δε
1380 143 1532 177 industrius

199 195 287 232 1695.
306 198 389 230 atque
402 189 474 218 inter
497 186 624 217 eruditos
646 183 823 220 notiffimus,
840 196 870 215 ut
884 188 1032 228 proprium
1053 196 1114 215 tum
1134 188 1270 228 temporis
1288 185 1341 217 fibi
1356 187 1532 219 vindicabat.

308 231 365 262 Sed
381 228 454 261 illud
476 230 580 260 accidit
593 249 601 263 ,
624 227 703 270 quod
725 230 754 258 in
771 226 871 258 limine
894 228 976 269 hujus
997 229 1105 271 Operis
1126 229 1194 271 saepe
1211 231 1325 259 evenire
1337 229 1482 266 diximus,
1500 235 1532 262 δε

307 274 462 318 pracsertim
484 274 535 303 hac
559 282 638 302 :etate
653 293 663 306 ‚
689 269 758 301 cum
785 273 841 302 viti
861 271 964 302 eruditi
981 274 1011 302 in
1032 270 1212 314 perficiendis
1231 272 1334 302 artibus
1351 272 1462 304 summo
1476 275 1533 305 ssu-

306 317 357 348 dio
375 316 543 350 elaborant,
567 325 598 345 ut
620 313 720 344 eadem
736 313 830 358 plures
849 317 1031 357 excogitent,
1054 325 1085 344 ac
1102 314 1229 357 plerique
1249 326 1280 344 ea
1295 314 1347 345 sint
1366 319 1469 347 mentis
1487 328 1535 348 ce-

307 360 416 392 leritart
431 382 441 394 ,
468 361 496 388 &
511 359 620 400 ingenii
634 357 745 388 solertia
760 368 790 388 ut
816 356 916 389 leviter
927 357 1067 388 admoniti
1088 356 1239 389 artificium
1250 356 1336 387 omne
1346 359 1464 398 alicujus
1475 372 1536 391 ma-

307 405 414 438 chinae,
437 412 484 432 aut
509 400 631 445 quodvis
650 399 729 430 aliud
753 403 903 431 inventum
927 400 1019 431 statim
1031 403 1199 444 percipiant.
1227 402 1310 443 Qin
1329 404 1413 432 ctiam
1433 402 1511 433 illam
1526 426 1535 438 ,

306 447 343 478 de
363 457 418 488 qua
439 455 507 474 mox
530 444 634 475 dietari
648 446 761 479 (umus,
784 442 915 486 longiora
938 444 1106 487 Telescopia
1118 443 1285 486 perficiendi
1304 456 1446 476 tationem
1466 446 1536 478 Cla-

307 488 365 520 tiss.
389 490 467 519 Viris
485 490 526 520 D.
546 490 586 519 D.
611 489 770 530 Hugcnio,
794 487 958 529 Campani,
974 490 1003 518 δι
1022 486 1139 516 Borello
1154 487 1316 517 Academiae
1332 489 1418 518 Socio
1430 511 1439 524 ‚
1461 492 1490 520 &
1505 493 1535 520 in

308 532 458 574 Chymicis
482 529 669 562 versatissimo
683 553 693 566 ‚
714 532 819 571 quique
843 541 907 560 ante
934 529 1042 573 aliquot
1064 541 1154 559 annos
1175 529 1190 559 ὲ
1211 533 1268 561 vita
1290 530 1454 567 dicem-rat,
1477 544 1537 563 non

309 578 484 618 incognitam
504 573 585 605 fuiss'e
608 574 679 613 justa
701 574 740 604 est
763 572 892 616 suspicio·
916 573 995 603 Nam
1019 573 1058 601 D.
1077 572 1207 603 Borellus
1221 585 1321 615 magna
1346 573 1479 605 facilitate
1493 579 1537 607 vi-

309 630 350 649 tra
370 618 514 660 objeffiva
530 617 732 658 cujuscumque
752 615 958 660 magnitudinis
974 614 1139 646 elaborabat
1157 619 1251 647 arcani
1264 619 1303 646 lui
1316 627 1398 647 tenax
1415 630 1423 648 z
1437 630 1539 650 verum

308 661 343 692 ad
369 673 430 692 rem
451 662 539 703 ipsam
555 663 713 691 veniamus.

345 706 415 735 Hoc
432 703 508 735 factu
523 701 730 734 difficillimum
755 703 862 747 semper
884 703 977 734 visum
1006 703 1060 735 fuit
1086 706 1160 735 vitra
1179 704 1323 745 objectiva
1340 727 1349 740 ,
1367 716 1430 747 qua:
1456 705 1538 736 focos

309 746 425 791 longius
442 745 614 790 proferunt,
640 746 766 790 expolire
780 772 788 782 ‚
811 758 958 789 propterea
980 747 1060 788 quod
1083 751 1166 790 typi,
1189 748 1233 777 seu
1249 747 1341 778 lances
1355 771 1364 783 ,
1389 760 1434 780 aut
1455 747 1540 786 disci,

309 801 356 821 aut
367 802 493 833 quocum
516 801 549 820 ue
570 789 626 820 alio
640 790 783 820 donentur
797 789 938 820 vocabulo
950 813 958 825 ‚
975 790 1041 821 vasa
1061 789 1109 821 illa
1125 790 1272 831 paululum
1288 791 1393 821 devexa
1409 815 1416 826 ‚
1433 795 1461 822 in
1472 794 1539 835 qui-

311 833 362 864 bus
378 837 452 864 vitra
465 833 505 863 ela
528 844 663 867 orantur,
678 836 708 863 ὃ(
723 833 870 875 poliuntur
884 855 892 867 ‚
918 833 934 864 ὲ
957 833 1073 863 metallo
1089 832 1213 863 conflata
1229 834 1386 875 majoribus
1402 837 1482 865 vitris
1493 845 1539 865 ex-

311 876 454 918 poliendis
469 887 532 919 apta
556 879 602 906 vix
621 875 696 905 effici
721 874 834 918 possint.
863 877 960 914 Qare
982 875 1053 906 illud
1069 878 1099 906 in
1122 887 1246 906 mentem
1269 880 1347 907 venit
1374 881 1413 909 D.
1440 880 1540 908 Hom-

312 920 380 961 berg
398 931 432 950 an
452 921 534 949 satius
549 917 622 948 foret
643 929 747 961 typum
762 921 886 949 vitreum
904 919 939 948 sic
958 917 1095 949 adhibere
1109 940 1118 953 ,
1139 930 1171 949 ιιι
1193 918 1372 959 objcstwum
1396 932 1465 972 typo
1488 920 1540 952 suo

312 958 400 1004 vulgo
423 961 514 1001 Baffin
530 987 539 997 ‚
564 960 698 991 idoneam
720 960 857 1004 pra-’beret
883 959 1004 1003 figuram
1025 972 1060 992 eo
1082 961 1145 1003 ipso
1171 972 1322 1005 tempore,
1347 974 1405 1005 quo
1427 975 1443 993 a
1470 975 1541 1007 typo

312 1004 361 1035 suo
383 1004 542 1036 formatur:
570 1015 601 1034 ac
627 1015 672 1035 res
688 1004 761 1035 bene
777 1001 917 1047 proccssir.

353 1051 472 1079 Vitrum
494 1047 580 1088 idque
591 1059 694 1090 purum
716 1047 732 1077 Ξι
760 1046 878 1078 bulliilis
900 1048 944 1078 scu
961 1047 1096 1087 lacrymis
1119 1053 1148 1082 &
1168 1053 1248 1080 venis
1277 1049 1453 1093 seligendum
1480 1052 1542 1091 ejus

313 1089 519 1134 magnitudinis
535 1094 564 1121 &
588 1090 731 1122 densitatis
744 1113 752 1126 ‚
768 1102 830 1133 qua:
848 1090 897 1121 fini
914 1090 1061 1134 proposito
1076 1092 1261 1137 respondeat,
1281 1093 1426 1124 rotundari
1441 1093 1472 1124 id
1490 1093 1543 1124 de-

313 1134 361 1166 bet
373 1157 381 1170 ‚
398 1134 558 1178 priusquam
581 1134 723 1176 poliatur,
746 1134 873 1165 breviori
896 1134 966 1177 ligni
979 1146 1080 1166 trunco
1099 1136 1306 1178 agglutinatum
1319 1148 1443 1180 oportet.
1461 1137 1541 1168 Tum

312 1177 391 1208 aliud
406 1181 471 1208 vitri
482 1178 599 1208 frustum
611 1176 777 1208 sumendum
791 1178 829 1208 est
841 1200 849 1212 ,
863 1181 946 1209 uniiis
961 1190 1009 1209 aut
1025 1180 1135 1208 circiter
1149 1179 1229 1221 digiti
1251 1178 1431 1211 crassimdine
1444 1205 1452 1216 ‚
1470 1191 1544 1222 qua-q

313 1231 378 1251 tuor
401 1232 449 1252 aut
477 1224 605 1263 quinque
626 1220 709 1252 latius
731 1223 840 1267 priori,
862 1223 948 1262 idque
975 1224 1076 1252 itidem
1094 1223 1288 1254 rotundatum.

354 1267 470 1294 Vitium
492 1266 564 1305 ligni
579 1275 681 1294 trunco
695 1264 812 1293 affixum
829 1264 972 1307 expolitur
989 1268 1018 1295 &
1033 1264 1167 1295 deteritur
1187 1265 1222 1295 ab
1236 1279 1271 1296 co
1290 1266 1368 1308 quod
1390 1270 1479 1305 majus
1494 1266 1544 1305 cst,

315 1310 346 1337 ὃ(
367 1306 494 1341 mobile,
519 1305 655 1348 quodque
677 1308 768 1347 priori
791 1305 995 1348 supcrposiiiim
1010 1309 1038 1336 in
1053 1306 1154 1337 orbem
1172 1310 1382 1351 circumigitui·.
1400 1311 1497 1348 Ogam
1513 1312 1544 1339 in

314 1361 374 1379 rein
398 1348 550 1382 Smiridis,
575 1359 603 1378 v.
628 1348 732 1378 Emeril
746 1370 754 1382 ,
773 1347 888 1390 pulvere
913 1350 1070 1385 utendum,
1085 1361 1141 1379 non
1164 1362 1245 1381 arena
1259 1355 1443 1394 quantumvis
1461 1352 1544 1382 ‹lura-

358 1395 462 1434 Ncque
477 1387 584 1421 necesse
606 1390 644 1420 est
666 1390 731 1420 huic
758 1390 906 1433 posteriori
920 1395 994 1422 vitro
1010 1392 1087 1422 velut
1102 1393 1284 1424 irauiiliriuni
1300 1395 1443 1437 quoddam
1459 1395 1545 1425 adhi-

314 1433 402 1470 bere,
420 1446 485 1464 cum
506 1445 592 1464 manu
615 1432 672 1463 sola
688 1459 697 1469 ‚
721 1445 807 1476 eaque
825 1432 1032 1475 aliquantulum
1054 1435 1186 1466 madente
1204 1439 1315 1467 {radiati
1341 1436 1423 1467 facile
1450 1435 1544 1479 pollit.

345 1480 415 1517 Quo
436 1476 552 1521 quidem
573 1476 664 1507 modo
684 1478 789 1507 vitrum
810 1476 918 1507 mobile
930 1476 1011 1508 alteri
1030 1477 1209 1520 impositum.
1226 1484 1253 1511 ἅ
1269 1480 1318 1511 diu
1337 1482 1546 1513 circtiiiiaistum

315 1532 465 1551 excavatur
483 1546 492 1556 ,
523 1523 594 1550 dum
620 1522 726 1550 vitrum
747 1519 869 1550 alterum
899 1519 988 1551 fixum
1014 1519 1045 1552 fit
1059 1532 1219 1553 convexum
1238 1546 1246 1558 ,
1269 1527 1299 1554 δε
1314 1535 1347 1553 eo
1362 1526 1463 1566 magis,
1485 1535 1546 1566 quo

315 1563 420 1594 diutius
444 1567 552 1594 vitium
573 1562 685 1594 mobile
712 1566 840 1605 agitatur.
864 1564 941 1595 Cum
961 1575 1086 1606 optatam
1109 1565 1244 1608 adt-ptum
1270 1567 1353 1596 fuerit
1377 1571 1546 1598 convexita-

316 1618 374 1637 tem
389 1629 397 1642 ,
424 1618 542 1648 quaeque
557 1618 592 1637 ex
612 1607 664 1637 usu
682 1609 777 1649 petius
798 1606 883 1649 quam
903 1619 937 1637 ex
954 1611 1038 1638 certis
1061 1608 1162 1651 regulis
1178 1609 1345 1643 innotescit,
1359 1620 1418 1640 tuin
1434 1610 1448 1641 ὲ
1463 1620 1546 1640 trun...

315 1661 350 1679 co
370 1653 415 1681 ciii
432 1648 548 1680 affixum
572 1661 632 1680 erat
649 1671 661 1685 ,
683 1648 835 1685 avellitur,
858 1653 933 1681 viti‘o
955 1661 1083 1682 concavo
1107 1655 1133 1681 in
1156 1651 1232 1683 illius
1266 1652 1362 1683 locuni
1386 1652 1544 1686 substituto.

316 1694 350 1723 1η
371 1705 405 1723 co
419 1693 513 1736 postea
533 1704 694 1723 convexum
710 1695 816 1723 vitrum
839 1693 982 1736 expoliiur
1000 1697 1029 1724 ὅ(
1056 1693 1203 1736 perficitur
1222 1708 1301 1726 more
1318 1694 1417 1726 ufitato
1438 1708 1446 1727 :
1476 1708 1545 1728 iiam

315 1739 424 1767 virtum
447 1747 605 1767 concavum
630 1735 763 1777 deinceps
785 1747 866 1779 typus
883 1741 934 1767 erit
951 1760 959 1772 ‚
980 1736 1025 1767 scu
1039 1737 1142 1770 discuS.

344 1779 413 1821 Jam
435 1791 465 1810 ut
491 1782 556 1810 vitri
574 1790 671 1810 recens
687 1778 825 1810 elaborati
848 1779 931 1810 focus
951 1778 1081 1823 dignosci
1100 1793 1202 1823 queat,
1224 1781 1252 1812 id
1267 1781 1348 1812 alteri
1365 1786 1440 1813 vitro
1463 1787 1544 1825 cujus

315 1820 397 1853 focus
418 1833 503 1852 notus
516 1823 553 1852 cst
567 1845 575 1857 ‚
592 1834 635 1852 ex.
654 1834 694 1865 gt.
711 1834 745 1863 50
768 1823 871 1866 pedum
893 1826 945 1854 eiit
969 1824 1135 1867 illigandum
1150 1847 1157 1860 ,
1175 1836 1204 1855 ut
1221 1825 1314 1855 radios
1336 1825 1447 1856 Solares
1462 1825 1544 1858 finiul

315 1868 466 1908 excipiant.
481 1865 570 1904 Qod
592 1864 610 1895 fi
623 1876 774 1907 utrumque
787 1869 894 1897 vitrum
917 1869 1014 1897 focum
1035 1871 1165 1910 projiciat
1177 1891 1184 1903 ,
1201 1881 1228 1899 v.
1246 1880 1289 1911 gr.
1307 1881 1347 1904 40
1368 1870 1484 1910 pedum,
1502 1869 1545 1900 fo-

315 1918 365 1938 cus
392 1910 457 1938 vitri
480 1910 588 1950 cogniti
611 1920 645 1949 50
664 1910 769 1950 pedum
782 1909 926 1940 dividatur
952 1922 999 1953 per
1021 1911 1163 1941 utriusouc
1190 1910 1246 1941 foci
1267 1911 1458 1943 differentiani
1472 1936 1481 1948 ‚
1502 1915 1544 1943 ni-

315 1953 422 1981 mirum
442 1962 491 1993 per
519 1961 572 1985 10,
591 1961 707 1991 tumque
728 1951 1043 1996 prodibuntquinquc‚
1064 1954 1123 1984 baec
1147 1954 1335 1998 mulriplicata
1352 1967 1399 1998 ptr
1416 1968 1455 1992 40
1470 1979 1478 1992 ‚
1499 1955 1542 1986 cf-

316 1992 414 2025 ficient
436 2004 505 2025 200.
532 1995 629 2035 ltaque
652 1993 730 2024 focus
745 1997 810 2025 vitri
825 2006 920 2025 recens
943 1996 1060 2039 expoliti
1075 2008 1129 2026 200
1143 2000 1247 2039 pedum
1274 1998 1382 2030 fuimus
1403 2000 1451 2030 cst.
1494 1995 1497 1999 v

349 2035 386 2067 V.
414 2036 469 2067 Sed
486 2047 515 2066 ut
529 2037 696 2071 redeamus,
719 2037 793 2067 unde
812 2037 910 2079 egressi
937 2041 1048 2078 lunius,
1067 2051 1122 2081 qua
1149 2044 1257 2071 tazione
1277 2042 1444 2073 obsti-vam
1467 2040 1541 2071 solus

316 2079 347 2109 id
368 2083 467 2123 exequi
490 2077 594 2124 possit,
620 2090 649 2111 ut
664 2079 775 2111 oculare
793 2084 900 2113 vitrum
923 2084 953 2113 in
982 2082 1049 2113 loco
1069 2085 1203 2127 imaginis
1227 2084 1373 2122 collocet,
1396 2087 1436 2117 D.
1451 2085 1497 2114 Dc
1515 2083 1543 2115 1²

1467 2129 1540 2158 Hire
