1638 2345
226 176 318 206 Anu.

227 222 310 250 1688.

336 146 392 175 256
666 133 835 169 REGIAE
883 130 1270 165 serrNriARuM

341 180 486 213 Smirnam
512 184 545 214 δε
576 182 685 212 vicinas
714 180 844 219 regiones
872 175 1072 212 concusserat,
1104 177 1248 207 historiam
1270 174 1355 206 nobis
1375 175 1505 219 exposuit
1526 177 1571 210 D.

341 223 454 256 Galand
469 228 513 257 vir
531 224 668 255 candidus
685 226 716 254 δε
738 222 863 252 Doctus.
887 220 976 252 Paulo
994 231 1058 250 ante
1074 219 1226 251 meridiem
1247 221 1336 261 coepit
1353 240 1363 254 ‚
1380 218 1415 250 ab
1430 219 1530 251 occasu
1541 223 1572 251 in

340 278 436 299 orrum
454 265 612 311 progressus
625 290 634 302 ‚
655 276 749 297 arcem
768 268 895 308 primum
908 288 917 303 ,
939 275 1000 294 tum
1013 262 1114 294 urbem
1132 265 1232 293 evertit
1247 287 1256 301 ,
1274 272 1395 303 quatuor
1413 262 1490 294 illius
1506 275 1572 295 mu.

340 314 378 341 ris
395 310 606 343 dehiscentibus
635 313 665 340 &
697 312 727 339 in
747 320 824 339 mare
841 307 876 338 ad
896 307 941 338 sex
961 305 1048 348 usque
1073 306 1157 349 pedes
1176 305 1310 337 demersis
1329 327 1338 340 ‚
1363 307 1468 348 quique
1491 318 1572 339 antea

336 354 457 385 Isthmus
476 365 535 385 erar
555 379 564 392 ‚
589 352 682 383 versus
707 353 745 382 est
762 354 791 381 in
809 348 942 382 insulam.
972 352 1034 391 Qi
1051 350 1087 380 ab
1103 349 1203 380 occasu
1221 348 1297 380 Solis
1315 347 1351 378 ad
1373 359 1471 380 ortum
1497 354 1573 382 muri

336 408 415 428 crant
438 399 560 441 porte-Cri
578 419 587 432 ‚
611 399 733 426 omnino
762 393 826 426 sunt
846 394 934 425 diruti
954 405 962 428 ς
993 392 1098 435 reliqui
1121 391 1137 422 ὲ
1159 395 1248 424 Borea
1267 395 1297 423 in
1311 391 1453 436 ‘Austrum
1482 393 1574 424 adhuc

338 439 400 471 sunt
418 440 587 471 incolumes.
611 442 706 470 Variis
722 442 751 469 in
771 438 842 469 locis
865 437 957 467 hiatus
977 435 1027 467 visi
1042 458 1051 472 ‚
1074 447 1203 466 murmur
1221 439 1296 466 intus
1313 435 1452 468 auditum.
1475 438 1575 477 Qin-
1609 435 1616 439 ”

337 486 417 525 quies
439 495 484 515 aut
499 483 585 514 sexies
606 493 685 514 tetrae
713 481 845 513 fremitus
864 479 899 510 ad
919 481 1035 510 nostem
1058 479 1143 520 usque
1161 478 1259 511 saeviit.
1285 481 1359 521 Qae
1379 478 1394 508 ὲ
1409 480 1512 510 Turcis
1528 483 1574 510 in-

337 526 442 557 colitur
462 526 540 559 urbis
566 530 665 569 regio,
688 524 724 555 ab
744 524 884 554 Incendio
904 525 1039 552 immunis
1061 521 1114 552 fuit
1129 544 1138 557 ,
1159 521 1239 564 quod
1263 533 1322 552 tum
1349 520 1472 553 [olenms
1500 527 1574 565 jeju-

337 572 380 600 nii
397 581 508 613 tempus
528 568 594 600 effer
609 592 618 604 ,
643 580 694 600 nec
717 570 790 611 ignis
816 570 846 598 in
871 568 991 598 caminis
1024 565 1134 595 arderet
1158 587 1167 600 ‚
1193 576 1252 607 quo
1276 564 1422 608 absumpta
1445 566 1479 595 tsl
1512 577 1574 609 pars

338 612 419 643 urbis
440 624 551 656 magna.
591 614 646 643 Per
670 613 748 642 horae
768 610 955 654 quadrantem
977 609 1080 640 domus
1107 610 1188 638 ruina
1220 608 1342 651 sepultus
1363 608 1416 639 fuit
1450 610 1490 639 D.
1514 610 1574 640 Ga-

338 654 408 687 land
430 678 440 692 ,
472 657 539 687 inde
556 657 697 687 extraems
719 657 748 685 in
769 665 846 684 mare
880 652 906 683 se
927 655 1033 695 recepit
1048 677 1056 688 ,
1077 650 1128 682 ubi
1151 650 1285 693 quasdam
1304 650 1490 682 succuffiones
1512 651 1574 682 (en-

339 697 392 735 fit,
411 702 452 731 uti
469 703 498 731 δι
515 698 676 742 complures
695 697 761 732 alii,
781 700 830 739 qui
842 708 904 727 tum
920 698 948 726 in
970 698 1041 726 mari
1052 695 1241 737 navigabant,
1260 698 1365 736 quique
1378 693 1574 727 existimabant

340 753 443 774 navem
461 746 491 774 in
505 753 608 774 tertam
623 740 779 784 impegiffc.
806 739 896 772 Urbis
917 738 1007 769 solum
1025 738 1097 768 duos
1111 737 1196 780 pedes
1210 737 1369 781 depteffiim
1387 738 1439 768 fuit
1452 760 1461 772 ‚
1477 749 1575 780 quarta

340 785 417 817 illius
440 798 502 829 pars
527 788 634 816 corruit
646 807 655 820 ,
676 795 739 826 quat
756 782 1009 826 rupibusinsrstunt
1027 781 1285 816 domus‚omnino
1307 780 1397 811 illaesae
1413 780 1574 824 permanse-

338 840 416 860 1unt.
443 829 585 871 Qaedam
604 839 700 859 extant
716 831 745 858 in
762 827 857 859 littore
879 828 952 861 loca,
968 828 996 856 in
1019 836 1081 867 quse
1104 835 1184 855 antea
1203 823 1328 855 ascensus
1348 835 1405 856 erat
1419 850 1429 864 ‚
1451 835 1526 855 nunc
1539 823 1576 856 ad

340 883 373 902 ea
397 872 555 904 descensus.

390 919 422 946 In
442 928 472 947 ea
495 920 610 958 regione
629 926 732 946 ventus
754 914 844 944 aestate
863 916 935 944 circa
954 911 1095 943 decimam
1118 911 1219 941 horam
1240 910 1274 941 ab
1291 911 1392 942 occasu
1411 910 1478 941 flate
1499 913 1576 941 inci-

342 961 386 1001 pit
398 981 408 994 ,
428 959 462 989 ad
481 970 607 1000 quartam
626 959 714 999 usque
736 958 837 987 horam
852 956 960 987 crescit.

389 1003 448 1032 Die
477 1013 509 1032 11
534 1005 566 1036 βξ
596 1013 628 1032 12
655 1002 725 1031 hora
747 1003 763 1030 8
787 999 858 1029 alius
879 1009 958 1029 terrae
979 1010 1086 1030 tremor
1106 996 1183 1039 isque
1204 997 1356 1028 vehemens
1371 1019 1380 1033 ,
1408 1001 1438 1029 δε
1459 996 1507 1028 die
1521 1008 1576 1027 un-

343 1044 458 1076 decima
479 1045 597 1087 Augusti
616 1044 717 1075 eadem
735 1043 848 1087 prorsus
872 1042 942 1072 hora
964 1042 1054 1073 rediit.
1083 1044 1141 1072 Die
1163 1051 1196 1070 10
1219 1040 1394 1083 Septembris
1411 1040 1576 1084 sulphureus

343 1088 418 1120 odor
440 1099 518 1119 nares
540 1087 657 1118 feriebat
673 1113 681 1126 ,
703 1090 780 1127 juxta
801 1087 886 1116 maris
903 1084 1006 1116 littora.
1033 1084 1135 1115 lisdem
1158 1083 1334 1126 temporibus
1357 1083 1454 1115 insulse
1476 1084 1575 1119 Chio,

345 1131 507 1167 Meoelina,
528 1130 656 1161 Sacalina
671 1141 751 1161 terrae
769 1139 849 1159 motu
870 1128 969 1159 itidem
995 1131 1102 1170 agitatae
1126 1126 1239 1157 fuerunt
1252 1149 1262 1162 ,
1286 1138 1378 1158 novos
1398 1126 1490 1158 fontes
1511 1139 1577 1158 eru-

344 1173 413 1218 piffe
432 1186 465 1205 ex
487 1174 549 1204 aliis
562 1173 681 1205 audivit.
713 1171 834 1203 Coelum
853 1171 999 1202 turbidum
1016 1183 1073 1202 erat
1089 1175 1118 1202 &
1137 1172 1184 1200 a'e'r
1203 1169 1313 1201 fervens
1328 1194 1335 1207 ,
1358 1182 1393 1212 ¹5
1411 1181 1457 1201 aut
1474 1182 1508 1201 20
1523 1171 1578 1201 ho-

343 1220 459 1249 minum
481 1217 571 1248 millia
596 1216 672 1248 urbis
702 1219 780 1247 ruina
801 1215 862 1245 sunt
887 1213 1026 1258 oppressa.
1063 1217 1121 1245 Hic
1149 1212 1267 1256 quidem
1290 1224 1369 1245 terrae
1388 1225 1495 1245 tremor
1511 1225 1576 1244 cum

345 1260 494 1291 horrendo
509 1271 589 1290 motu
625 1262 652 1290 ui
666 1270 754 1302 nuper
771 1258 897 1288 Siciliam
918 1257 1036 1299 pervasit
1051 1261 1080 1288 ἃ
1103 1255 1204 1288 multas
1216 1260 1275 1298 ejus
1289 1257 1384 1288 insulae
1399 1256 1481 1287 urbes
1498 1268 1578 1287 ever-

344 1306 404 1339 tit,
430 1314 482 1334 nec
503 1271 689 1334 diuturslitatc
713 1303 850 1344 temporis
864 1312 937 1336 ‚nec
957 1300 1071 1331 urbium
1097 1304 1126 1331 &
1142 1301 1293 1329 hominum
1313 1300 1401 1343 strage
1421 1300 1459 1330 est
1474 1300 1578 1332 confe-

347 1345 464 1376 rendus.

787 1481 819 1516 C
842 1483 875 1517 A
892 1483 916 1517 P
931 1484 969 1520 U
984 1483 1017 1517 T
1070 1481 1142 1519 IV.

742 1582 791 1612 De
817 1575 907 1611 rebus
936 1576 1179 1615 Mathematicis.

351 1685 376 1714 Ι.
500 1682 547 1712 Oc
569 1692 644 1711 anno
660 1681 698 1711 D.
713 1677 823 1710 Caffini
843 1677 1076 1710 Differtationern
1094 1678 1130 1709 de
1147 1682 1213 1721 quin
1239 1691 1272 1710 ue
1294 1678 1438 1711 satellibus
1465 1681 1581 1713 Saturni

498 1727 525 1754 in
547 1725 701 1755 Acadtmia
727 1722 804 1765 ltgit·
839 1725 883 1754 De
902 1721 1065 1753 flitellitibus
1083 1733 1196 1769 quoque
1218 1692 1304 1765 ἳονίς
1326 1723 1413 1754 alium
1433 1726 1581 1757 [inflatum

352 1768 509 1800 elaboravit
530 1772 558 1799 δε
582 1773 684 1799 horum
705 1777 797 1797 motus
818 1769 847 1796 in
870 1765 975 1796 tabulas
1001 1765 1112 1806 digessit
1127 1791 1134 1803 ,
1159 1768 1267 1808 priores
1288 1771 1419 1797 correxit.
1451 1769 1502 1798 ma
1516 1771 1582 1810 qui-

351 1813 416 1844 dem
441 1816 513 1843 inter
535 1824 620 1854 supera
641 1811 840 1840 Astronomica
872 1808 1034 1851 nuperrime
1052 1810 1080 1838 in
1109 1808 1198 1839 lucem
1241 1808 1396 1841 redierunt.
1432 1814 1525 1842 Variis
1551 1815 1582 1842 in

350 1853 544 1899 congrtslilztis
566 1856 619 1884 hoc
639 1857 732 1894 operis
749 1851 900 1884 distulliaem
921 1851 974 1882 fuit
989 1874 998 1888 ‚
1018 1851 1053 1881 dc
1074 1863 1152 1893 cujus
1171 1821 1291 1882 utislmrc
1315 1855 1350 1884 ad
1367 1854 1558 1887 Astronomiae
1571 1877 1581 1891 ,

352 1899 540 1942 Geogrspbiae
571 1902 600 1928 ἃ
622 1896 854 1938 Hydtogiaplnae
876 1894 998 1926 studium
1022 1894 1240 1938 saepegdiximus.
1266 1897 1309 1927 Ac
1336 1897 1431 1928 inscio
1450 1908 1484 1927 an
1505 1902 1527 1929 is
1552 1898 1584 1930 fit

350 1943 434 1984 hujus
459 1940 564 1971 nobilis
589 1941 707 1971 sciturizr
724 1962 730 1973 ‚
755 1951 874 1981 qnaeque
917 1941 986 1968 rima
1010 1937 1104 1969 fronte
1125 1951 1207 1970 meta:
1227 1941 1476 1985 contemplationis
1500 1941 1581 1973 vide-

351 1996 396 2016 tur
413 2012 422 2024 ,
442 1996 493 2016 nec
513 1995 666 2026 quicquam
682 1982 839 2013 admodum
856 1951 923 2011 ιιῄῗε
944 1984 1041 2022 generi
1058 1982 1183 2013 humano
1211 1983 1352 2020 >olliccri,
1376 1984 1483 2015 frue'tus
1495 1984 1580 2027 longe

349 2027 516 2060 uberrimus.
545 2030 612 2068 Qa
628 2030 736 2058 rarione
750 2025 904 2057 satellitum
915 2023 1110 2055 immersiones
1126 2037 1159 2055 cx
1177 1996 1276 2057 talmlis
1289 2031 1488 2064 inveniantur,
1500 2030 1578 2059 ititm

349 2073 564 2103 demonstravit.

402 2118 450 2149 11.
491 2116 550 2147 Die
570 2127 588 2157 7
613 2111 757 2145 Februarii
790 2125 802 2155 5
836 2110 988 2144 satellitum
1018 2113 1132 2145 Saturni
1158 2113 1398 2158 configurationes
1422 2117 1463 2146 uti
1484 2113 1520 2144 ab
1543 2125 1578 2145 co

1484 2159 1579 2199 prucis
