1638 2345
282 72 588 105 ACADEMIAE
624 74 905 105 HISTORIA.
944 77 1127 109 Lrn.111.
1250 93 1263 113 2

80 115 286 160 proposuerunt
307 118 345 148 D.
366 117 405 147 D.
426 118 574 153 Perraulr,
600 116 710 148 Caslini
729 139 738 152 ‚
761 117 796 148 dc
814 117 838 147 la
855 119 927 148 Hire
951 122 981 150 &
1006 120 1037 149 P.
1052 121 1226 152 Sebastianus
1243 92 1303 155 03ςῖ
1320 123 1414 163 Astro-

79 161 154 191 dinis
181 159 406 191 Carme-litatum
432 163 485 191 Vir
504 160 599 191 solerti
619 163 735 202 ingenio
750 183 759 194 ,
780 163 810 190 &
849 163 877 190 in
895 162 1095 193 machinatrice
1115 164 1304 206 peritifliums.
1320 168 1416 196 nomica

80 203 224 233 Machinae
239 204 303 232 huic
320 206 359 233 rei
378 203 602 234 accommodam
619 203 841 245 descriptionem
855 228 863 242 ,
882 216 935 247 qua
958 204 1040 235 tubus
1060 207 1239 248 160'pedum
1262 210 1307 240 di-

79 248 133 288 rigi
155 250 184 276 &
208 249 317 276 moveri
338 244 422 276 facile
438 243 522 289 possit
536 268 544 280 ,
569 249 605 275 ita
617 256 647 275 ut
665 245 680 275 ὲ
701 247 775 276 reeta
790 245 860 276 linea
876 259 935 277 non
953 247 1090 284 discedat,
1108 260 1171 279 cum
1193 251 1306 281 Acade-

77 299 135 319 una
145 291 390 323 communicavit,
405 299 468 330 quae
486 292 514 319 in
536 289 770 319 Conmentarios
790 289 873 320 relata
885 291 932 320 cst.
952 289 1049 320 Aliam
1064 292 1104 322 D.
1121 291 1218 323 Cullet
1233 304 1306 323 nou-

76 332 146 362 dum
168 334 197 361 in
222 331 407 362 Academiam
429 329 527 362 ascitus
551 330 696 374 proposuit
725 332 790 361 huic
811 335 850 361 rei
883 334 945 363 latis
967 333 1109 364 idoneam.

122 377 168 406 11.
211 374 266 404 sed
292 375 332 406 D.
349 372 456 404 Caffini
476 374 560 416 longe
581 373 738 404 faciliorem
763 376 863 404 inierat
880 379 1018 406 rationem
1036 402 1044 415 ‚
1064 388 1118 418 qua
1136 380 1207 408 vitra
1221 381 1248 408 in
1264 391 1306 411 res

75 416 214 458 ehje-dias,
238 417 284 447 seu
303 419 333 447 in
349 416 444 452 coelo,
458 416 502 447 seu
519 421 547 447 in
563 427 635 447 terra
654 416 755 459 politas
774 417 931 460 dirigantur
945 441 954 454 ‚
976 418 1061 461 idque
1079 423 1147 450 citra
1171 421 1305 453 tuborum

75 471 121 490 aut
143 461 339 491 machinarum
363 471 527 502 apparatum
545 472 551 490 ι
576 471 663 502 quam
684 463 714 490 in
732 471 792 490 rem
814 471 919 503 niagno
938 461 997 492 usui
1022 463 1114 505 postea
1136 467 1217 494 turris
1246 466 1304 508 ipsa

75 501 137 535 suin

121 549 233 578 Lumen
263 545 335 578 illud
359 546 439 588 quod
460 546 595 589 superiori
617 557 691 577 anno
709 545 932 590 deprehenderat
952 571 960 584 ,
981 548 1115 592 quodque
1141 549 1201 591 post
1225 549 1302 581 Solis

74 590 203 621 occasum
228 593 257 621 in
281 590 465 632 conspeetum
486 589 640 624 veniebat,
669 601 771 632 nempe
793 590 887 620 mense
912 592 1063 622 Februario
1078 615 1086 627 ,
1115 603 1218 634 magna
1237 604 1302 624 cura

73 634 111 663 est
131 635 289 676 persecutus
315 637 345 664 δέ
366 636 394 664 in
409 636 467 674 ejus
489 633 579 662 causas
598 631 743 674 inquisivit
764 632 930 674 diligentius
943 656 952 668 ‚
978 633 1058 664 simul
1077 638 1108 666 &
1127 638 1302 676 conjecturas

71 678 196 707 Domini
210 678 290 707 Facio
302 675 442 719 exposuit.
468 678 541 715 Qae
558 685 616 705 tum
630 675 667 706 ab
677 686 711 705 eo
724 678 752 705 in
766 687 827 705 eam
837 686 894 707 rem
908 676 969 706 sunt
982 676 1128 708 observata
1140 682 1169 708 δε
1188 691 1301 721 txccgr-

72 729 128 750 tata
142 741 152 755 ‚
170 722 199 750 in
219 718 366 749 volumine
383 718 626 749 Observationum
647 718 910 749 Astronotnicarum
925 719 1033 763 publici
1046 722 1115 762 juris
1128 719 1190 751 sumt
1213 721 1298 758 faeta,

72 773 159 805 eaque
174 764 259 792 variis
277 764 305 791 in
323 760 494 792 consessibus
515 761 585 791 leeta
606 760 667 791 sunt
687 766 716 793 ὅ(
737 764 903 793 examinata.

113 804 235 847 Insignis
263 803 311 835 illa
335 806 418 847 Jovis
443 804 575 840 macula,
593 804 628 834 de
649 815 703 847 qua
722 804 889 835 idemtidem
912 806 996 836 ver'ta
1021 805 1138 836 ficimus
1156 828 1163 840 ,
1188 809 1299 837 incunte

72 850 182 879 Martio
208 847 247 878 sui
269 850 380 891 copiam
403 847 470 878 fecit
492 858 553 877 ante
585 846 748 877 sexennium
771 858 827 877 non
851 849 918 877 vil‘n.
954 850 1025 879 Haec
1047 853 1144 892 utique
1165 847 1297 880 locorum

71 890 302 934 longitudinibus
321 892 499 921 inveniendis
519 889 596 921 uiilis
615 890 668 920 elle
688 891 777 933 potest
801 889 932 922 adhibito
948 891 1017 922 tubo
1031 895 1128 935 optico
1152 897 1183 921 16
1202 897 1296 924 aut18

71 936 193 977 pedum(

114 981 125 1008 Ι
142 982 177 1009 V.
215 978 362 1018 Plervsuie
381 980 465 1008 Lunae
488 977 608 1020 [tlipses
629 979 698 1007 Goae
721 981 749 1008 in
772 977 854 1008 India
877 982 906 1009 &
928 977 989 1008 aliis
1004 980 1033 1008 in
1048 976 1118 1007 locis
1132 977 1215 1008 fadus
1230 983 1298 1021 pro-¹

70 1022 133 1051 irl1t
161 1035 167 1052 :
190 1033 220 1051 ex
244 1021 345 1054 ouibus
359 1019 525 1051 conclusum
547 1020 581 1051 ab
601 1032 635 1050 eo
653 1020 706 1051 fuit
722 1043 731 1056 ‚
755 1022 827 1050 hanc
843 1020 944 1051 urbem
965 1024 1058 1051 minus
1076 1019 1173 1051 saltem
1187 1031 1217 1059 23
1233 1032 1297 1063 gra-

69 1064 152 1094 dibus
172 1064 185 1093 τὶ
210 1065 291 1095 nobis
314 1062 403 1093 abesse
420 1075 503 1104 quam
520 1062 623 1093 tabulae
643 1064 846 1107 Geographicae
870 1063 1026 1106 delignent.

118 1107 254 1138 Medium
275 1105 389 1149 Eclipfis
404 1109 521 1137 Lunaris
541 1117 604 1147 quae
622 1105 669 1136 die
689 1118 720 1138 21
739 1108 805 1137 anni
829 1109 906 1144 1684
923 1106 1032 1137 Parisiis
1045 1107 1166 1148 contigit
1182 1108 1250 1137 hora
1265 1118 1297 1139 ιο

72 1163 104 1191 57
129 1154 200 1181 min.
217 1162 251 1191 50
275 1151 328 1180 sec.
352 1149 451 1179 eodem
474 1149 520 1179 die
545 1151 616 1180 Goae
639 1150 708 1180 hora
724 1161 762 1190 ¹5·
786 1161 819 1188 43
845 1153 916 1182 min.
940 1162 973 1190 30
1001 1150 1052 1180 sec.
1083 1149 1137 1179 fuit
1159 1148 1296 1180 observa-

71 1204 131 1224 tum
151 1194 240 1225 :adeo
258 1204 288 1224 ut
304 1192 534 1223 Meridianorum
551 1191 712 1223 differentia
725 1192 756 1223 lit
776 1203 793 1228 4
817 1195 910 1223 horat.
928 1204 966 1234 45
986 1195 1057 1222 min.
1077 1202 1118 1227 40
1137 1192 1190 1222 sec.
1205 1192 1249 1222 seu
1263 1204 1297 1231 71

69 1248 112 1279 gr.
124 1248 153 1276 35
176 1241 246 1267 min.
263 1248 327 1267 cum
344 1236 439 1266 charta
456 1235 619 1265 universalis
636 1235 866 1278 hydrographica
880 1236 1005 1266 Austore
1030 1235 1072 1267 D.
1087 1235 1138 1265 Du
1149 1234 1206 1267 val
1220 1246 1296 1266 anno

73 1286 155 1319 ¹677
173 1280 313 1322 publicata
328 1290 389 1309 eam
407 1278 490 1309 faciat
506 1289 535 1318 23
551 1277 685 1319 gradibus
701 1279 772 1320 justo
792 1281 942 1319 majorem.

111 1326 183 1364 Qae
206 1323 220 1352 ὲ
243 1321 372 1353 Patribus
393 1320 530 1352 societatis
552 1323 623 1351 Goae
645 1322 717 1352 fasta
743 1322 780 1352 est
802 1321 946 1364 postremae
961 1320 1044 1360 hujus
1064 1320 1181 1364 Etlipfis
1200 1321 1297 1353 obser-

68 1368 147 1397 vatio
161 1389 170 1400 ‚
190 1365 225 1396 ab
244 1378 274 1396 ea
291 1376 352 1406 quae
371 1367 400 1395 in
422 1364 631 1396 Observatorio
657 1364 751 1395 habita
774 1363 827 1394 fuit
844 1387 852 1399 ‚
882 1377 900 1402 4
925 1374 1037 1394 tantum
1059 1366 1176 1395 minutis
1196 1366 1227 1394 in
1251 1367 1298 1395 sua

69 1408 218 1440 duratione
240 1408 352 1438 diffidet
370 1421 377 1438 ι
401 1406 480 1449 quod
502 1418 606 1448 magno
629 1407 666 1437 est
688 1418 856 1450 argumento
879 1406 959 1437 illam
977 1405 1206 1437 observationem
1233 1407 1297 1438 satis

69 1462 227 1482 accuratam
250 1450 339 1482 fuiffe.
363 1451 441 1481 Nam
463 1451 531 1494 saepc
551 1452 666 1485 evcnit,
687 1461 718 1480 ut
737 1449 862 1491 ejusdem
883 1447 997 1492 Eclipsis
1018 1448 1230 1481 observationes
1248 1462 1299 1481 eo-

69 1494 136 1525 de-rn
158 1498 188 1525 in
207 1493 273 1524 loco
296 1494 399 1524 habirae
417 1492 525 1535 aliquot
544 1495 662 1523 minutis
685 1496 757 1523 inter
773 1492 798 1522 se
814 1491 994 1526 dissentiant,
1016 1502 1081 1522 cum
1102 1492 1140 1523 ob
1163 1492 1230 1523 alias
1252 1504 1296 1524 ra—

71 1540 186 1575 tiones,
219 1548 278 1568 tum
298 1536 339 1567 ob
364 1537 393 1567 id
418 1538 541 1566 maxime
562 1535 642 1577 quod
670 1547 738 1566 vera
760 1534 862 1566 umbra
887 1534 903 1564 ὲ
922 1534 1080 1579 penumbta
1100 1537 1150 1565 vix
1173 1531 1297 1568 discerni

70 1591 162 1622 queat.
187 1581 264 1612 Cum
288 1591 380 1610 autem
397 1593 416 1618 4
437 1581 545 1609 minuta
564 1581 701 1621 temporis
718 1581 801 1609 unius
825 1577 927 1621 gradus
944 1575 1137 1608 differentiam
1156 1577 1295 1616 afferant,

69 1622 118 1653 ubi
129 1635 206 1654 error
219 1623 319 1665 ,siquis
337 1622 369 1653 sit
382 1621 474 1658 ‚ultra
494 1635 513 1661 4
533 1624 644 1652 minuta
658 1633 716 1652 non
732 1625 874 1657 excurrit,
897 1632 955 1651 non
973 1620 1094 1663 amplius
1116 1632 1200 1663 quam
1215 1625 1297 1653 unius

70 1665 171 1705 gradus
190 1678 236 1697 aut
248 1678 277 1706 ²5
291 1665 433 1696 leucarum
445 1665 492 1696 hic
517 1665 624 1695 futurus
637 1665 684 1696 est.
698 1664 779 1695 Idem
794 1664 851 1695 fere
869 1667 911 1695 ‘ex
936 1665 1021 1694 variis
1049 1663 1296 1696 observationibus

71 1707 220 1752 'Eclipseon
239 1709 300 1741 aliis
322 1711 349 1739 in
371 1708 441 1738 locis
457 1730 466 1743 ‚
489 1718 520 1738 ut
544 1710 574 1738 in
603 1707 765 1738 Balearibus
790 1706 888 1738 insulis
912 1718 987 1737 anno
1014 1711 1111 1748 16ςο,
1136 1711 1166 1738 &
1195 1708 1296 1739 Leodir'

72 1762 146 1781 anno
172 1759 251 1784 1612
276 1764 340 1782 cum
363 1754 395 1783 iis
419 1762 480 1795 quae
501 1752 571 1781 Goae
597 1761 658 1781 tum
686 1751 766 1781 faeta:
791 1751 874 1786 sunt,
898 1749 1010 1780 collatis
1028 1748 1196 1781 conclusum
1218 1751 1294 1787 fiiit,

72 1804 209 1835 quantum
231 1794 358 1825 melioris
378 1806 452 1825 norae
470 1792 572 1824 tabulae
593 1792 607 1822 ὲ
626 1804 695 1824 vero
715 1793 855 1824 aberrent.

120 1839 158 1867 V.
193 1838 270 1868 Cum
290 1838 383 1868 futura
404 1836 470 1868 esset
494 1835 604 1879 eclipsis
625 1838 714 1867 Lunx
739 1836 785 1868 die
806 1849 839 1868 10
864 1835 1037 1868 Decembris
1057 1838 1124 1866 anni
1149 1842 1218 1880 1685
1232 1863 1241 1876 ,
1262 1848 1295 1868 ac

73 1883 220 1921 permagni
240 1879 379 1911 intereffct
400 1879 418 1910 fi
445 1890 494 1923 per
513 1890 624 1922 tempus
647 1879 742 1911 liceret
761 1891 823 1910 eam
841 1880 992 1923 diligenter
1018 1878 1168 1911 observare
1182 1902 1190 1915 ‚
1215 1880 1294 1922 quod

71 1933 189 1964 apogaeo
214 1933 274 1953 tum
298 1926 376 1954 Luna
400 1922 470 1954 foret
492 1925 642 1965 proxima,
664 1923 714 1953 ubi
730 1922 810 1953 nulla
835 1935 906 1966 pene
929 1924 968 1954 est
989 1925 1110 1965 aequatio
1134 1935 1139 1952 :
1167 1923 1240 1953 adeo
1261 1933 1292 1952 ut

71 1964 184 1995 facilius
200 1977 233 1995 ex
255 1978 285 1996 ea
309 1965 418 1995 medius
439 1969 526 1997 Lunae
543 1976 637 1996 motus
657 1966 837 1997 determinari
858 1965 941 2010 poffit
958 1988 966 2001 ‚
988 1964 1066 2007 quod
1080 1967 1234 1996 Lunarium
1247 1976 1291 1995 [ι-

71 2007 204 2038 bularum
228 2012 351 2050 primum
370 2009 407 2037 est
428 2010 598 2039 elementum
615 2021 621 2039 ε
643 2020 704 2051 qua:
730 2020 793 2040 ante
806 2009 891 2041 effent
911 2007 1161 2039 animadvertenda
1183 2008 1229 2040 die
1247 2019 1287 2045 24

74 2050 251 2083 Novembris
276 2053 315 2083 D.
331 2049 438 2083 cassini
452 2048 603 2084 ‘admonuit
619 2053 649 2083 in
671 2052 747 2084 hunc
769 2052 828 2084 fere
847 2052 978 2084 modum.

1001 2096 1057 2136 Gg
1096 2096 1126 2135 iij
