1638 2345
318 132 373 169 298
625 119 814 154 REG1AE
859 115 1264 149 SCIENTIARUM

198 178 288 207 ΑΝΝ,
313 183 368 214 que
399 181 482 215 prava
497 167 560 210 styli
581 165 796 199 conformatio,
817 164 868 206 qui
889 161 925 193 ab
940 172 1006 193 ortu
1029 160 1078 192 suo
1099 163 1131 192 in
1156 160 1251 205 plures
1265 159 1319 191 fuit
1343 159 1449 193 divisus
1494 173 1540 193 ar-

201 227 285 259 ¹693·
314 226 364 247 tes.
382 213 473 256 Qod
486 213 607 243 enimin
628 206 820 239 animantibus
833 207 872 237 est
892 208 965 237 uteri
986 204 1054 236 tuba
1067 231 1076 244 ‚
1093 204 1148 235 hoc
1168 203 1227 234 fere
1240 204 1279 234 cst
1295 203 1380 245 stylus
1401 208 1431 236 in
1455 173 1540 249 plan-

313 262 348 289 tis
361 272 367 290 :
380 263 409 289 in
422 256 586 299 filiquarutn
604 250 798 286 membranas,
811 260 874 292 qua:
887 247 965 280 velut
978 249 1100 279 chorion
1113 270 1123 284 ‚
1144 250 1175 279 ὅ(
1196 248 1321 278 Amnios
1332 247 1483 285 habentur,
1493 250 1541 280 a'e'-

311 313 343 333 ra
364 301 536 345 vegetationi
558 305 717 339 granorum
736 293 922 324 necessarium
951 291 1064 326 defert3
1085 302 1206 334 granum
1229 289 1369 321 Placentae
1385 302 1434 333 per
1450 293 1543 323 umbi·

311 345 424 376 licalem
444 339 604 374 funiculum
626 337 799 370 adhaerescit.
823 336 911 370 Unde
930 339 960 368 ἃ
986 334 1072 377 stylus
1090 346 1132 365 tot
1151 335 1166 366 ὲ
1183 332 1241 365 basi
1259 333 1306 364 sua
1320 333 1436 365 tubulos
1458 339 1542 367 emit-

311 392 346 420 rir
361 411 369 424 ‚
393 397 464 429 quot
482 384 544 415 sunt
565 382 681 426 siliquae.
700 381 798 421 Stylus
815 384 910 423 itaque
929 382 958 410 in
981 390 1046 410 ortu
1062 377 1110 409 suo
1131 377 1207 409 male
1220 376 1434 414 conformatus,
1456 381 1486 408 δι
1500 382 1543 409 εἰ..

312 431 369 462 tius
387 429 473 471 quam
493 438 542 471 par
566 426 633 456 ess'et
645 447 655 460 ‚
675 423 829 455 exsiccatus
841 449 849 463 ‚
864 433 1005 466 quantum
1022 421 1087 453 satis
1105 424 1263 457 erata‘e'tis,
1282 419 1388 463 siliquis
1410 421 1544 464 suppedi-

313 485 371 505 tare
390 483 450 502 non
467 473 572 514 potuit.
591 470 648 500 Ha:
668 467 785 509 quidem
810 465 959 510 copiosum
980 468 1114 507 exigunt:
1139 476 1205 495 nam
1225 468 1254 495 in
1273 467 1306 495 iis
1330 464 1479 495 concluius
1496 466 1546 497 a'c't

312 516 383 546 adeo
401 517 578 549 coaretatur,
598 523 630 542 ut
642 511 782 542 exficcatae
799 521 864 541 cum
878 521 984 552 magno
999 509 1113 551 strepitu
1131 506 1269 539 diffiliant
1285 533 1293 543 ,
1310 510 1339 538 ὃ(
1356 518 1443 549 grana
1458 510 1546 540 inter-

313 560 383 590 dum
414 557 486 588 ultra
516 558 583 586 octo
613 555 699 598 pedes
730 552 896 597 explodaut.
923 550 1085 584 Dtficiente
1107 554 1201 595 itaque
1233 554 1297 581 aete
1324 561 1411 593 grana
1437 551 1545 582 forma-

314 606 337 633 ri
354 614 413 633 non
439 610 593 644 potuerunt
606 620 614 633 ‚
641 609 673 627 ac
697 597 792 628 succus
808 607 904 627 recens
925 598 975 639 qui
994 595 1102 637 semper
1123 592 1236 625 accessit
1249 616 1258 630 ,
1286 606 1387 624 cotum
1412 606 1547 638 procrea-

314 649 387 676 tioni
413 656 471 675 non
490 641 650 686 impensuS,
665 639 777 683 siliquas
801 643 828 670 in
852 638 976 670 fommm
999 638 1134 669 foliorum
1152 640 1312 681 produxit,
1330 637 1407 680 isque
1431 650 1481 682 per
1502 649 1547 671 cas

313 692 495 720 continenter
511 685 664 718 ascendens
687 695 762 714 nova
785 687 815 714 δι
844 685 956 714 minora
977 681 1048 713 folia
1065 684 1236 723 procreavit.

357 732 430 762 111.
458 731 499 762 D.
518 734 564 762 De
589 727 616 758 la
636 729 711 758 Hire
733 730 762 757 in
783 726 894 757 causam
917 724 1044 757 ascensus
1059 725 1132 755 succi
1152 727 1261 756 nutritii
1283 727 1312 755 in
1336 723 1480 767 praecelsas
1502 735 1548 757 ar-

315 775 400 806 bores
422 774 496 805 olim
517 774 685 816 inquirens,
708 771 781 800 hanc
797 781 829 800 ex
845 770 1026 800 Mechanicis
1051 767 1162 809 legibus
1187 768 1361 803 deduxerat,
1385 779 1415 798 ac
1438 781 1488 811 per
1503 780 1550 800 tu-

318 818 402 850 bulos
416 817 576 861 plantarum
597 826 662 846 eum
684 813 806 844 elustari
818 812 931 844 succum
947 811 1108 855 perluasum
1124 812 1245 843 habebat
1266 825 1274 844 z
1297 822 1363 843 cum
1377 823 1470 842 autem
1489 812 1550 855 plc-

317 865 401 903 xique
423 859 594 902 Philosophi
616 861 645 888 in
666 869 698 887 ea
720 856 773 887 fint
791 858 950 899 opinione,
967 866 996 886 ut
1016 866 1114 897 putent
1131 866 1197 886 eum
1217 855 1289 885 succi
1313 854 1459 885 ascensum
1487 867 1549 887 car-

318 905 394 936 nosa:
419 907 450 935 δι
467 901 624 946 spongiosae
643 899 799 931 substantia:
820 910 882 940 quae
913 898 998 929 fibras
1014 897 1139 929 involvit
1154 921 1163 933 ,
1178 908 1327 941 acceptum
1349 896 1447 928 referri
1461 910 1549 941 opor-

319 959 378 978 tere
391 970 399 983 ,
413 946 544 988 quaedam
565 949 595 975 in
607 955 669 975 cam
691 954 751 974 rem
768 941 835 973 fecit
853 945 1065 986 experimenta,
1077 941 1093 971 ὲ
1111 941 1214 983 quibus
1231 940 1350 985 liqueret
1362 951 1423 971 utta
1438 940 1550 973 senten-

321 993 360 1022 tia
381 989 447 1021 esset
466 992 527 1019 veri
547 989 677 1031 propior.

357 1046 380 1065 t.
402 1034 517 1064 Chartae
543 1028 648 1063 bibulae
667 1027 815 1060 frustulum
839 1025 929 1058 latum
958 1025 1002 1057 sex
1023 1026 1105 1058 lincis
1129 1026 1272 1072 suspendit
1293 1037 1371 1071 parte
1390 1026 1467 1058 illius
1486 1026 1550 1058 infi-

321 1088 368 1107 ma
392 1080 422 1108 in
449 1087 552 1120 aquam
573 1072 700 1106 demersa
713 1095 724 1110 ,
746 1083 818 1116 aqua
839 1071 911 1102 ultra
927 1069 971 1101 sex
993 1071 1148 1115 digitorum
1168 1071 1350 1103 altitudinem
1372 1082 1441 1101 mox
1457 1070 1553 1113 ascen-J

321 1121 376 1152 dit.

365 1175 388 1194 2.
414 1166 448 1194 In
468 1161 539 1194 tubo
564 1163 657 1192 vitreo
681 1171 736 1191 tres
758 1158 846 1189 lineas
860 1156 940 1192 lam,
971 1159 1001 1188 &
1025 1155 1149 1202 spongiae
1173 1158 1248 1190 siccze
1272 1156 1396 1188 frustulis
1421 1168 1479 1187 non
1501 1156 1553 1188 ada

322 1206 444 1238 modurn
465 1203 628 1250 compressis
639 1203 772 1247 impleto,
790 1213 860 1244 aqna
877 1199 951 1231 ultra
974 1203 1055 1231 unius
1072 1202 1156 1246 digiti
1170 1202 1350 1233 altitudinem
1371 1200 1477 1231 sublata
1493 1211 1553 1230 non

323 1253 388 1282 ruit.

363 1305 390 1332 3.
418 1296 452 1323 In
475 1292 585 1323 Charta
605 1289 706 1321 bibula
729 1299 792 1331 quae
811 1291 840 1317 in
863 1286 965 1317 eodem
983 1287 1054 1317 tubo
1074 1286 1207 1317 conclusa
1230 1287 1268 1317 cst
1294 1290 1323 1318 δέ
1345 1298 1498 1322 contorta,
1516 1285 1552 1317 stc

324 1347 418 1366 tamen
442 1347 471 1366 ut
494 1345 556 1378 pars
582 1334 642 1364 tubi
665 1344 737 1375 pene
755 1329 877 1361 dimidia
900 1341 987 1360 vacua
1007 1329 1092 1364 esset,
1113 1340 1185 1371 aqua
1209 1330 1244 1360 ad
1267 1330 1464 1371 1531111eamm
1485 1329 1553 1360 alti-

325 1378 456 1410 tudinem
476 1377 563 1408 tridui
580 1374 670 1419 spatio
685 1374 721 1406 fic
748 1374 846 1405 evetita
864 1373 902 1403 est
916 1394 925 1408 ,
944 1382 975 1403 ut
993 1375 1066 1403 intra
1088 1384 1119 1404 ιι
1136 1373 1219 1403 horis
1239 1376 1325 1416 primi
1346 1373 1405 1404 diei
1431 1384 1492 1404 100
1513 1372 1553 1410 li-;

325 1432 390 1452 neas
415 1421 579 1452 decurrerit.

375 1476 406 1503 4.
437 1464 499 1497 Ubi
514 1467 544 1495 in
568 1461 670 1493 eodem
693 1460 763 1493 tubo
786 1458 895 1491 Charta
912 1470 970 1489 non
994 1458 1170 1494 convoluta,
1195 1458 1243 1490 scd
1269 1458 1407 1503 pressior,
1434 1458 1509 1491 adeo
1520 1470 1551 1492 ut

326 1507 400 1539 nihil
425 1519 496 1552 pene
515 1508 607 1538 inanis
626 1504 818 1548 relinqueret,
840 1501 928 1546 posita
949 1502 1024 1536 fuit·,
1041 1505 1113 1533 intra
1136 1514 1165 1534 iz
1184 1503 1319 1534 horarum
1334 1503 1464 1547 spatium,
1483 1514 1554 1545 aqua.

326 1552 361 1582 ad
385 1563 433 1583 112
453 1551 540 1594 usque
566 1549 677 1584 lineas,
710 1559 771 1578 tum
806 1558 855 1590 per
883 1546 992 1589 aliquot
1028 1546 1088 1577 dies
1122 1545 1268 1589 paulatim,
1296 1546 1370 1577 facta
1402 1546 1553 1578 sublimior

327 1595 443 1626 tandem
457 1595 491 1625 ad
513 1607 565 1637 225
588 1592 674 1636 usque
693 1591 830 1622 linearum
849 1589 1031 1621 altitudinem
1052 1589 1090 1620 cst
1110 1590 1240 1621 cluiftata.
1262 1589 1297 1620 ld
1316 1602 1385 1622 vcro
1399 1590 1433 1621 ab
1451 1602 1485 1620 eo
1499 1589 1553 1621 fuit

326 1637 553 1668 animadversum
572 1659 583 1672 ,
605 1647 684 1678 aquae
705 1634 811 1666 sursum
837 1632 953 1664 sublata:
974 1644 1084 1676 partem
1106 1633 1167 1664 tubi
1191 1637 1354 1665 interiorem
1379 1636 1468 1676 guttis
1490 1633 1554 1664 satis

326 1679 419 1711 crailis
434 1680 567 1723 perfundi
585 1702 594 1715 ‚
614 1689 676 1721 quae
698 1677 840 1708 ascensum
857 1688 935 1719 aqum
961 1688 1130 1719 promovere
1151 1688 1316 1719 potuerunt.
1334 1678 1413 1708 Nam
1427 1676 1469 1706 hae
1486 1687 1555 1719 gut-¹

328 1734 361 1754 κε
382 1727 449 1754 Vitii
477 1722 630 1766 parictibus
650 1721 871 1752 adhaerescentes
893 1721 1020 1751 chartam
1037 1719 1088 1751 sibi
1103 1724 1263 1763 proximam
1280 1720 1424 1752 madidam
1443 1718 1555 1750 effide-

327 1765 409 1799 bant.
423 1766 510 1799 Unde
531 1766 581 1798 ubi
607 1776 670 1808 pars
693 1764 755 1796 tubi
774 1766 868 1794 inanis
892 1762 968 1799 fuit,
993 1766 1031 1794 ita
1049 1775 1079 1794 ut
1098 1765 1193 1795 charta
1215 1764 1314 1795 tubum
1328 1762 1425 1796 minus
1448 1762 1552 1807 opple-j

329 1820 393 1845 ret,
415 1821 487 1852 aqua
508 1821 567 1839 non
587 1809 622 1839 ad
648 1819 758 1840 tantam
773 1806 955 1838 altitudinem
978 1808 1114 1850 provecta
1136 1806 1199 1838 fuit.

362 1855 404 1883 Ex
425 1852 528 1895 quibus
539 1851 569 1882 id
581 1851 745 1893 colligitur,
761 1853 809 1881 vix
830 1849 910 1881 illam
926 1850 961 1881 de
978 1851 1091 1881 ascensu
1110 1861 1187 1892 aquae
1209 1862 1258 1894 per
1274 1862 1364 1895 partes
1386 1850 1553 1894 spongiosas

331 1898 362 1928 in
382 1899 506 1940 proceris
516 1894 664 1926 arboribus
677 1906 742 1925 cum
762 1893 872 1937 legibus
894 1905 957 1937 quae
980 1896 1009 1924 in
1024 1893 1132 1925 libratis
1157 1893 1314 1937 liquoribus
1337 1894 1525 1926 observantur
1540 1917 1551 1930 ‚

331 1939 476 1970 conciliari
501 1938 576 1982 poil'e
590 1961 599 1974 ‚
615 1936 664 1968 etsi
686 1937 761 1967 forte
782 1941 810 1967 in
834 1936 941 1980 plantis
965 1937 1120 1968 mediocris
1137 1937 1244 1968 statuta:
1269 1937 1365 1970 locum
1380 1938 1538 1969 obtineant.

371 1983 422 2014 Ista
438 1983 555 2026 quidem
570 1984 761 2024 experimenta
779 1982 809 2010 in
828 1983 896 2010 aens
908 1980 1033 2022 exposita
1052 1980 1112 2012 sunt
1130 1980 1269 2022 ejusmodi
1281 2008 1288 2019 ‚
1304 1992 1334 2013 ut
1354 1982 1368 2012 a
1388 1981 1471 2013 nobis
1482 1991 1551 2023 pta:-

331 2029 411 2057 teriri
431 2037 489 2056 non
509 2028 662 2069 potuerint.
685 2025 727 2054 Ex
747 2026 781 2054 iis
800 2026 877 2054 enim
898 2024 987 2055 multa
1007 2024 1196 2068 speculatione
1223 2025 1311 2067 digna
1333 2029 1392 2057 erui
1411 2023 1523 2070 possunt
1537 2045 1548 2058 ,

331 2081 392 2112 quo:
411 2069 445 2100 ad
470 2069 663 2112 Philosophiae
686 2065 821 2098 naturalis
836 2067 999 2109 generalem
1022 2070 1152 2099 notitiam
1178 2069 1314 2111 spcDant.

374 2115 384 2142 1
402 2116 437 2143 V.
464 2115 560 2158 Hujus
579 2114 689 2155 generis
711 2110 772 2142 sunt
791 2122 821 2142 ca
835 2121 895 2154 qux
911 2111 946 2142 ad
964 2114 1173 2153 vegetationem
1186 2112 1229 2142 stu
1244 2114 1478 2156 germinationem
1493 2111 1552 2142 stit-¹
