1638 2345
305 96 617 128 ACADEMIAE
654 93 941 125 HISTORIA.
979 94 1068 123 Ltn.
1092 96 1117 124 Ι.

101 145 197 185 quain
212 142 343 172 maximis
360 140 441 171 rebus
461 143 501 170 uti
521 139 646 173 solebat,
662 137 803 169 adhibuit.
829 138 872 167 Ac
896 146 995 180 praetet
1009 147 1057 166 eos
1076 134 1244 177 quianobis
1255 135 1317 167 sunt

102 188 263 219 nominati,
282 187 386 226 quique
406 183 442 214 ad
464 182 619 213 Mathesim
641 184 783 224 imprimis
807 183 933 210 animum
956 180 1142 220 adjunxerant
1158 201 1165 213 ‚
1189 179 1240 208 hos
1259 178 1318 209 ele-

101 233 144 270 git
160 232 208 271 qui
221 228 341 271 phyiicis
361 230 389 256 in
407 226 489 256 rebus
508 225 645 256 excellere
671 227 760 267 magis
783 223 952 255 videbantur
977 248 984 259 ‚
1007 223 1049 251 D.
1066 222 1100 251 de
1123 221 1148 251 la
1169 221 1318 252 Chambte

105 273 255 302 Medicum
284 271 373 311 Regis
385 269 575 304 ordinarium,
587 269 628 299 D.
645 267 772 298 Petrault
784 269 812 297 in
826 268 907 296 omni
927 276 1027 307 genere
1051 265 1250 295 Scientiarium
1272 276 1321 296 na-

103 314 237 345 turalium
259 314 444 356 prastantcm,
466 313 505 342 D.
521 313 561 341 D.
578 312 628 341 Du
652 311 724 341 Clos
745 313 774 341 δε
796 307 951 340 Bourdelin
974 312 1002 338 in
1026 308 1151 337 Chimiae
1175 307 1321 340 laboribus

102 357 186 389 valde
205 360 379 390 exercitaret,
402 357 442 387 D.
472 357 512 386 D.
529 356 652 396 Pecquet
668 357 697 384 &
723 355 821 394 Gayen
842 354 1005 383 Anatomiae
1027 353 1150 392 petitos,
1173 352 1214 381 D.
1238 353 1321 383 Mar-

103 400 188 431 chant
203 403 231 430 in
255 402 396 430 Botam'cis
414 401 556 442 imprimis
568 396 716 429 versatum.
733 398 832 426 Paucis
859 406 922 426 ante
943 393 1083 424 mensibus
1099 393 1200 423 eodem
1214 406 1257 425 me
1270 395 1323 426 ho-

101 453 171 473 nore
187 443 316 473 affecerit
331 464 339 476 ‚
363 452 445 483 atque
462 453 491 472 ut
516 441 672 483 loquuntur
688 462 697 476 ,
714 441 902 470 Secretarium
925 437 1088 467 Acade-mix
1111 436 1323 478 designaverat,

101 496 132 515 nt
149 497 211 527 qua:
225 496 471 529 proponerentur,
497 485 603 525 scriptis
626 485 804 525 exciperem,
827 486 857 513 «Sc
873 485 903 512 in
927 482 1160 511 Commentarios
1175 482 1321 513 referrem:

101 530 225 570 utrisque
255 533 283 558 L&
304 531 466 558 Gsomcrris
498 531 526 557 &
551 525 676 567 Phyficis
718 526 884 567 adjunxerat
908 527 1024 565 juvenes
1044 525 1161 564 ingenio
1181 526 1211 553 δέ
1236 523 1324 554 scien-

104 573 141 601 tia
155 575 313 614 praestantes
329 594 337 607 ,
360 572 401 601 D.
417 572 457 601 D.
476 571 606 611 Niquet‚
629 568 774 609 Couplet‚
792 568 919 601 Richc1·‚
936 567 1050 600 Pivcrt,
1067 565 1189 595 d'Avois
1210 570 1240 596 δε
1254 566 1325 597 alios

102 615 241 654 quosdam
256 613 432 657 pereruditos
444 635 454 648 ‚
482 615 531 654 qui
548 612 642 655 postea
661 610 784 654 publicis
799 609 932 653 operibus
957 619 1059 650 magna
1080 619 1146 638 cum
1160 608 1241 639 laude
1254 621 1326 653 prce-

103 657 227 688 fuerunt.

139 702 194 730 111.
216 702 273 730 Die
289 712 332 730 27..
347 698 516 730 Decembris
541 702 604 729 anni
622 702 703 730 1666.
726 697 788 728 duae
807 696 862 727 illa:
883 697 1036 725 societates
1059 697 1088 724 in
1102 705 1188 724 unam
1212 694 1327 725 coalue-

104 753 156 778 te,
184 755 218 774 ac
238 745 400 774 Geometra:
417 741 498 772 simul
523 745 550 773 δι
579 740 691 781 Ρ1ι)ί”ιι;ί
711 745 740 770 in
762 740 854 770 aulam
879 739 976 779 Regiae
1007 737 1193 767 Bibliothecae
1217 749 1327 770 conve-

105 796 208 817 nerunt
223 809 232 822 ‚
259 786 310 817 ubi
335 787 374 818 D.
397 786 432 816 de
454 785 576 815 Car-cavi
604 795 666 826 quae
688 783 754 814 esset
783 784 870 824 Regis
885 781 1016 811 voluntas
1028 780 1155 823 exposuit
1171 792 1250 823 ,quo
1261 791 1329 811 con-

105 827 167 859 filio
190 841 237 860 eos
253 829 430 860 convocallet
445 853 452 864 ,
478 839 579 869 nempe
602 837 632 857 ut
653 838 752 856 omncs
772 826 882 856 summo
907 824 999 854 studio
1024 827 1053 854 &
1073 835 1138 853 cura
1154 826 1182 853 in
1209 835 1330 866 promo-

106 872 207 903 vendis
229 873 271 903 his
292 871 449 914 disciplinis
471 870 670 903 elaborarent,
689 868 728 899 ob
753 868 782 899 id
804 867 929 898 maxime
951 866 966 895 ὲ
984 867 1024 898 D.
1051 866 1177 897 Colbert
1202 867 1330 898 delectos

107 913 207 951 fuisse,
230 927 260 947 vt
277 915 386 958 aliquid
401 914 436 945 ad
454 912 599 957 publicam
618 911 771 943 utilitatem
794 915 824 943 ὃς
845 912 933 953 Regis
954 909 1076 952 gloriam
1099 909 1250 953 spectabile
1266 909 1330 940 effi-

108 967 214 989 cerent.

143 1003 175 1031 In
197 1013 231 1031 eo
250 999 397 1043 congressu
418 998 606 1031 deliberatum
622 999 676 1029 fuit
693 1010 790 1029 utrum
807 1009 840 1028 ex
861 997 987 1038 Physicis
1002 1001 1031 1029 δε
1053 995 1266 1026 Mathematicis
1276 1007 1333 1026 una

110 1046 142 1074 &
168 1044 268 1075 eadem
281 1067 289 1079 ‚
305 1055 338 1073 an
353 1043 457 1086 duplex
476 1045 602 1073 Societas
622 1041 789 1072 coalesceret
804 1066 813 1076 ‚
835 1052 870 1070 an
896 1044 995 1082 utique
1014 1038 1071 1070 una
1086 1064 1095 1078 ‚
1119 1050 1165 1069 aut
1184 1040 1333 1081 separatim

109 1091 308 1118 convenirent.
334 1088 478 1117 Omnium
498 1097 568 1128 pene
590 1097 621 1115 ea
646 1084 700 1114 fuit
719 1085 854 1114 sententia
880 1083 976 1113 ambas
1000 1084 1153 1113 Societares
1168 1104 1176 1115 ‚
1195 1093 1258 1123 quae
1283 1081 1334 1112 fibi

111 1140 222 1161 mutuas
244 1131 372 1173 praestant
398 1139 496 1171 operas
511 1150 520 1163 ‚
544 1128 663 1170 separari
685 1138 743 1156 non
762 1137 904 1169 oportere.
928 1128 989 1166 Qi
1011 1128 1088 1155 enim
1116 1127 1146 1153 in
1166 1125 1336 1154 Mathema-

112 1175 174 1204 ticis
187 1172 344 1215 disciplinis
369 1170 535 1215 praecellunt
549 1193 558 1205 ‚
583 1170 668 1201 iidem
694 1168 781 1199 ferei
803 1168 988 1211 Philosophia
1005 1167 1125 1198 naturali
1149 1165 1210 1197 sunt
1233 1168 1335 1198 instru-

112 1217 168 1251 Cti,
189 1227 220 1246 ac
240 1218 459 1246 Geometrarum
476 1224 604 1244 accurata
623 1217 653 1245 δε
670 1212 759 1242 solida
774 1211 968 1242 concludendi
990 1214 1060 1241 ratio
1081 1210 1218 1252 nusquam
1238 1210 1336 1241 utilior

112 1259 228 1289 videtur
246 1281 256 1294 ,
281 1259 369 1301 quam
393 1257 576 1289 Erudiiorum
600 1257 757 1291 societati,
778 1254 827 1285 ubi
848 1253 932 1285 facile
954 1254 969 1284 ὲ
991 1252 1137 1297 proposito
1156 1252 1280 1288 abduci,
1304 1257 1336 1284 δε

113 1303 285 1344 conjetsturis
308 1313 443 1343 tanquam
469 1298 758 1331 demonstrationibus
774 1300 816 1329 vis
837 1301 866 1328 &
884 1297 996 1340 pondus
1010 1297 1077 1327 addi
1092 1295 1171 1326 solet.
1193 1297 1233 1326 Ex
1248 1299 1337 1338 priori

113 1343 166 1375 bus
183 1348 347 1376 Geometria
362 1343 463 1386 probat
480 1341 655 1384 insequentia
671 1364 680 1377 ‚
700 1353 733 1371 ex
750 1343 832 1371 certis
856 1343 971 1372 incerta.
985 1339 1071 1382 Apud
1091 1350 1138 1370 eos
1158 1337 1230 1369 illud
1243 1341 1280 1370 cst
1291 1351 1338 1369 ca-

115 1387 201 1429 pitale
220 1391 250 1419 in
277 1387 502 1429 paralogismum
524 1388 690 1418 incurreres
715 1383 870 1425 simplicior
884 1382 1003 1413 demum
1025 1384 1085 1412 haec
1104 1382 1141 1412 est
1160 1385 1190 1412 ἃ
1216 1381 1338 1413 severior

112 1430 253 1462 docendae
283 1433 409 1463 veritatis
429 1432 500 1460 ratio
518 1442 524 1459 :
555 1439 624 1459 nam
647 1427 683 1458 ad
705 1430 854 1458 veritatem
874 1428 975 1457 nititur
990 1447 1000 1461 ,
1025 1436 1084 1455 non
1101 1424 1147 1455 ⁷ad
1172 1425 1339 1455 ostentatio-

115 1484 192 1505 nem.

150 1529 177 1550 2.
201 1520 240 1548 Ea
258 1518 296 1549 est
312 1520 386 1548 inter
403 1517 550 1558 Phyficam
570 1520 598 1547 ὃς
615 1513 769 1546 Mathefim
780 1517 925 1557 cognatio,
945 1524 975 1544 ut
984 1524 1069 1544 unam
1087 1511 1122 1542 ab
1134 1512 1221 1542 altera
1232 1511 1339 1553 sejungi

116 1572 177 1591 non
208 1572 358 1604 oporteat:
383 1571 449 1590 nam
476 1571 607 1590 motuum
633 1559 706 1600 leges
724 1561 752 1588 &
776 1560 905 1600 gravium
926 1555 1096 1591 descensus,
1124 1558 1196 1585 a'c'tis
1220 1558 1249 1584 &
1266 1553 1339 1584 alio-

115 1615 179 1634 rum
199 1614 353 1647 corporum
370 1606 413 1633 vis
438 1602 565 1637 elastica,
582 1601 698 1632 luminis
712 1600 831 1631 reflexio
848 1603 877 1630 δέ
893 1599 1025 1630 refra6tio
1039 1622 1048 1634 ,
1063 1597 1205 1640 quidquid
1222 1597 1340 1627 demum

116 1647 152 1678 ad
169 1643 260 1678 visum
275 1649 413 1690 pertinet,
426 1645 471 1676 vel
482 1646 612 1676 auditum
625 1667 634 1680 ‚
650 1643 757 1674 Mundi
781 1643 897 1684 systema
908 1665 917 1678 ,
933 1653 1086 1684 corporum
1102 1642 1260 1672 coeltstiurn
1274 1652 1340 1669 rno-

119 1700 180 1725 tus,
196 1701 281 1733 atque
300 1689 329 1721 id
344 1700 432 1719 omne
452 1689 531 1730 quod
551 1690 687 1719 Staticam
703 1687 806 1728 spetstat
817 1708 826 1721 ‚
840 1684 1007 1716 animalium
1021 1696 1126 1726 organa
1141 1684 1175 1714 ad
1197 1684 1339 1725 legcsme-

117 1733 248 1764 chanicas
266 1743 378 1775 aptata,
396 1743 431 1762 ne
450 1735 497 1762 vix
514 1731 632 1774 quidem
655 1730 766 1773 possunt
787 1728 842 1760 sine
868 1729 964 1770 aliqua
990 1727 1153 1758 Matheseos
1174 1729 1340 1768 cognitione

141 1779 238 1818 excipi.
268 1778 332 1808 Nec
347 1775 403 1805 fere
419 1774 473 1805 alia
494 1777 566 1804 ratio
589 1773 684 1804 afferri
709 1773 797 1816 potest
812 1783 862 1803 cur
880 1769 1000 1812 Physica
1015 1782 1056 1801 tet
1075 1782 1148 1800 tetro
1170 1769 1276 1800 saeculis
1291 1781 1340 1798 ve-

118 1787 161 1849 Fut
180 1817 278 1850 effoeta
298 1824 329 1852 ὅ(
350 1817 450 1849 sterilis
472 1815 668 1859 permanserit,
691 1827 720 1846 ac
735 1815 830 1846 nullos
849 1826 921 1858 pene
944 1814 1041 1844 feccrit
1063 1811 1218 1856 progressus
1232 1835 1240 1847 ,
1253 1811 1340 1854 quim

119 1861 198 1904 quod
225 1863 439 1893 Mathematica:
460 1860 617 1903 disciplinae
637 1859 672 1889 ab
699 1861 733 1889 iis
752 1861 801 1900 qui
825 1857 974 1897 physicam
996 1856 1146 1887 coluerunt
1168 1878 1177 1890 ,
1202 1867 1272 1898 pene
1290 1866 1340 1884 nc-

119 1904 220 1947 glenstae
238 1905 353 1936 fuerint.
377 1905 420 1934 Ac
444 1904 535 1934 nostri
555 1903 673 1944 quidem
695 1913 771 1932 oetate
787 1904 837 1943 qui
860 1899 984 1942 Physicae
1006 1903 1115 1933 maiora
1134 1898 1285 1928 attulerunt
1300 1900 1340 1927 in-

118 1958 284 1982 crementa,
304 1948 393 1978 iidem
412 1945 534 1977 Mathesi
557 1948 701 1989 imprimis
722 1945 826 1975 exculti
843 1943 956 1974 fuerunt
971 1966 978 1978 ,
998 1954 1028 1973 ut
1044 1941 1197 1974 Galilaem,
1223 1939 1341 1969 Gallen-

120 1990 172 2021 dus
185 2013 193 2025 ,
215 1990 334 2021 Cabaeus
347 2013 355 2025 ,
375 1989 516 2021 Cartesius
531 2012 539 2024 ,
564 1991 732 2019 Honoratus
756 1987 867 2028 Fabty‚
882 1998 912 2017 ut
929 1985 1003 2016 alios
1023 1997 1095 2028 pene
1118 1982 1341 2015 innumerabiles

119 2036 273 2068 omittam,
300 2045 360 2064 tum
382 2045 430 2063 eos
456 2036 505 2074 qui
527 2034 623 2062 vivere
635 2030 776 2061 desierunt
789 2053 798 2065 ,
824 2041 886 2061 tum
906 2032 992 2059 etiam
1007 2028 1167 2070 complures
1181 2028 1231 2068 qui
1250 2025 1341 2056 adhuc

121 2079 242 2112 vivunt,
266 2080 296 2109 «Sc
315 2075 532 2119 Philosophiam
551 2073 707 2106 naturalem
731 2072 891 2116 plurimum
907 2084 1055 2103 auxerunt.
1142 2113 1167 2142 Α
1199 2114 1202 2118 .

1185 2124 1215 2156 ¹¹1
