1638 2345
303 130 339 154 26
563 124 741 156 REG1AE
779 122 1183 154 SCIENTiARUM

185 166 275 193 ΑΝΝ.
300 171 378 197 tione
395 166 520 210 pulveris
543 168 646 209 gallae,
667 179 700 197 cx
724 166 778 197 lale
803 166 945 209 superstite
964 167 995 195 δε
1016 164 1168 206 sulphureo
1191 163 1347 206 colligitur.
1368 165 1447 196 Nam
1465 165 1524 197 suc-

186 214 274 243 Ι667·
299 221 365 240 cum
389 222 483 253 parvae
503 211 583 242 iridis
607 210 757 241 densatum
775 209 861 241 viridi
881 208 978 239 colore
999 210 1106 250 tingit:
1135 207 1246 249 spiritus
1267 205 1329 237 salis
1349 212 1524 240 ammoniaci

185 253 216 280 &5
235 252 283 279 68·
298 252 406 284 nullam
427 256 457 284 in
476 257 510 285 iis
531 252 625 285 effecit
645 255 919 297 praecipitationcm3
941 262 1091 295 perparum
1114 250 1176 281 salis
1190 249 1333 294 sulphurei
1351 251 1414 295 post
1430 251 1525 283 distil-

298 295 438 327 lationem
456 298 624 329 extradlum.

330 342 390 370 lv.
415 340 507 380 Aquae
532 338 688 383 Spadenses
708 338 807 369 eadem
829 336 968 368 methodo
981 340 1146 369 examinatae
1168 338 1306 372 fuerunt3
1330 337 1458 380 saporem
1471 340 1525 369 aci-

296 381 366 412 dum
391 386 421 414 &
443 381 637 426 ferrugineum
653 392 710 425 pra:
727 381 752 412 sc
769 380 897 412 ferebant
911 403 920 416 ‚
939 382 1009 411 aceti
1031 380 1108 411 rubri
1134 381 1262 412 colorem
1279 380 1361 422 galla·
1378 380 1524 412 additione

296 424 453 457 induebant
472 448 482 461 ‚
506 425 586 456 nulla
607 435 723 468 quoque
742 436 776 456 ex
801 423 937 455 affusione
959 425 1072 466 spiritus
1092 426 1262 455 ammoniaci
1282 422 1354 454 faeta
1377 423 1415 454 cst
1434 426 1463 454 in
1490 426 1525 454 iis

297 471 492 512 praecipitatiO.
512 469 577 500 Post
599 468 815 500 distillationem
836 467 930 510 pulvis
956 468 1040 498 instar
1057 466 1152 498 ferrea:
1178 467 1314 509 rubiginis
1330 469 1420 503 ,utin
1445 470 1525 510 aquis

296 521 366 541 mox
391 515 576 547 memoratis,
604 510 642 542 sal
665 512 766 543 itidem
792 509 968 552 ferrugineus
987 511 1129 540 extractus
1151 510 1199 541 cst.

327 558 366 585 V.
394 555 552 597 Aliquanto
574 553 638 598 plus
654 564 748 598 operae
774 556 803 584 in
826 551 981 595 probandis
1000 555 1079 595 aquis
1096 552 1278 584 mineralibus
1302 555 1366 594 pagi
1379 552 1468 595 vulgo
1483 553 1525 584 di-

299 598 337 627 <sti
364 600 416 628 Vic
428 599 563 628 le-Comte
584 596 705 640 positum
723 596 771 627 est.
796 597 880 637 Aqua
898 598 925 625 in
949 593 1028 626 fonte
1049 595 1096 626 suo
1116 595 1209 639 tepida
1226 617 1235 630 ,
1261 597 1348 625 noctu
1368 606 1453 637 quam
1475 595 1526 627 diu

298 639 418 671 calidior
437 639 602 684 perhibetur
617 643 646 670 in
664 638 753 670 fontis
769 639 898 672 concha;
917 636 937 668 fi
949 637 984 668 ab
1003 639 1100 680 aliquo
1119 650 1246 681 tempore
1259 641 1360 681 agitata
1379 649 1437 668 non
1450 639 1522 671 fuit;

299 681 360 713 tela:
382 682 552 727 subpingucs
576 685 604 713 in
628 680 775 726 superficie
796 692 910 717 extant,
930 680 1014 712 limus
1031 681 1132 713 itidem
1153 684 1265 725 pinguis
1288 685 1316 712 ὅ(
1331 680 1428 712 odoris
1447 681 1525 713 bitu-

298 726 401 757 minofi
414 749 423 762 ‚
445 727 493 758 ubi
510 725 564 757 fuit
577 725 739 757 exsiccatus,

343 770 414 800 Haec
433 781 528 800 tamen
551 781 621 813 aqua
639 769 771 800 aciditate
793 767 838 799 sua
860 767 988 810 linguam
1011 769 1128 810 pungit:
1150 767 1195 798 sed
1213 778 1278 797 cum
1299 766 1380 809 gallae
1407 767 1525 810 pulvere

295 811 385 842 rubeo
401 812 497 843 colore
520 823 578 842 non
599 815 729 854 tingitur.
753 814 874 856 Spiritus
894 811 956 842 salis
979 813 1151 842 ammoniaci
1174 810 1323 841 instillatus
1344 809 1463 841 celerem
1484 810 1525 841 al-

296 854 338 885 bae
357 858 480 886 materia*
501 854 594 886 effecit
612 858 886 899 praecipitationem;
911 854 982 885 adeo
1005 864 1034 883 ut
1052 852 1197 884 videretur
1222 854 1280 892 hage
1303 864 1375 895 aqua
1397 852 1450 883 sale
1465 856 1524 883 aci-

295 897 355 933 do,
374 909 458 940 atque
474 921 483 934 ,
511 909 541 929 ut
559 897 736 940 loquuntur,
752 897 914 929 mercuriali
934 899 1129 940 impraegnata.
1154 900 1189 928 Et
1208 907 1301 927 tamen
1325 897 1386 939 post
1404 895 1523 927 distilla-

295 943 405 971 tionem
420 952 482 984 quae
504 941 643 984 superfuit
661 944 690 972 in
709 940 801 972 fundo
820 940 888 972 vafis
904 963 914 976 ,
937 952 999 984 pars
1019 937 1077 970 fere
1094 941 1194 970 octava
1216 950 1294 981 aqua:
1312 938 1377 970 salsa
1398 950 1457 969 erat
1478 942 1524 970 in·

294 983 348 1013 star
366 983 428 1015 salis
450 988 612 1016 communis
626 1008 637 1021 ‚
657 996 716 1015 non
740 984 830 1015 acida.
851 986 958 1015 saccus
988 993 1080 1026 parvae
1102 983 1182 1013 iridis
1205 982 1334 1013 densatus
1354 985 1383 1013 ἃ
1404 981 1524 1013 instilla-

294 1036 338 1056 tus
359 1026 486 1057 colorem
503 1025 654 1058 caeruleum
669 1031 698 1058 in
715 1027 838 1058 viridem
856 1028 998 1057 convertit
1025 1038 1034 1061 ·,
1055 1025 1134 1067 quod
1155 1024 1222 1056 sales
1240 1025 1382 1068 sulphutei
1400 1025 1525 1068 praestare

294 1068 396 1102 solent.
415 1069 549 1101 Exhalata
570 1073 681 1111 penitus
707 1080 778 1112 aqua
795 1069 919 1100 multum
943 1073 973 1099 in
991 1068 1083 1099 fundo
1103 1067 1172 1099 valis
1192 1079 1272 1099 terra:
1299 1072 1328 1098 &
1353 1067 1415 1098 salis
1440 1079 1525 1111 appa—

292 1115 372 1147 ruit,
393 1112 496 1156 staporis
520 1113 597 1149 salsi,
624 1115 716 1143 acrius
746 1113 871 1155 linguam
896 1110 1037 1155 pungebat
1067 1111 1153 1153 quum
1178 1111 1214 1141 sal
1238 1114 1422 1146 communis,
1439 1122 1523 1152 atque

294 1154 328 1186 ad
352 1154 437 1185 salem
464 1160 559 1188 tattari
579 1159 695 1200 propius
711 1156 882 1187 accedebat:
905 1155 941 1186 sal
962 1156 1102 1185 extractus
1121 1176 1130 1189 ,
1163 1154 1220 1184 un&
1239 1165 1303 1184 cum
1323 1154 1388 1184 olco
1412 1154 1522 1186 vitrioli

294 1198 373 1240 aeque
390 1199 557 1231 tumultuati
579 1199 654 1230 visus
683 1200 720 1230 cst
747 1210 777 1230 ac
803 1199 821 1230 si
848 1197 939 1229 fuiffct
959 1196 996 1227 sal
1022 1200 1127 1229 tartari.
1148 1198 1228 1227 Hinc
1245 1199 1284 1229 D.
1303 1198 1351 1227 Du
1372 1196 1446 1228 Clos
1465 1196 1524 1228 sus-

292 1242 438 1283 picabatur
459 1242 545 1272 salem
568 1242 621 1273 effe
652 1241 832 1273 bituminosa*
855 1240 1000 1283 cujusdam
1027 1244 1150 1271 materiae
1173 1262 1182 1275 ‚
1207 1251 1265 1270 non
1295 1240 1418 1278 olcostg:
1456 1251 1522 1272 nam

293 1283 389 1314 oleum
412 1285 477 1315 huic
503 1296 581 1327 aqua:
605 1296 663 1315 non
678 1287 804 1316 innatat:
829 1284 875 1315 sed
896 1284 1028 1314 estinstar
1047 1295 1126 1314 tetra:
1141 1282 1320 1314 bituminosae
1345 1294 1430 1325 quam
1443 1294 1522 1326 aqua:

292 1326 402 1357 diluere
426 1328 538 1370 possunt
565 1332 595 1360 δε
614 1339 759 1371 penetrare
778 1342 784 1359 :
806 1327 876 1358 adeo
905 1337 934 1357 ut
958 1337 990 1356 cx
1017 1326 1065 1356 illa
1088 1328 1270 1369 permistione
1292 1326 1422 1368 qua-dam
1447 1330 1522 1358 oria-

292 1380 338 1400 tur
356 1368 536 1401 fetmcntatio
554 1375 585 1402 &
604 1371 724 1412 putredo
741 1397 749 1409 ‚
775 1383 806 1401 ac
827 1369 912 1402 salina
930 1369 1045 1400 aciditas
1069 1380 1132 1410 quae
1161 1372 1189 1399 in
1210 1368 1366 1399 lixivialem
1389 1369 1446 1400 abit
1468 1369 1522 1400 sal-

294 1411 430 1451 saginem.
460 1413 546 1444 Nulli
573 1414 641 1444 sales
664 1413 814 1445 minetalcs
839 1411 946 1444 tantam
970 1411 1210 1443 effervescentiam
1233 1423 1298 1442 cum
1325 1411 1391 1442 olco
1412 1413 1522 1444 vitrioli

292 1447 443 1492 cfficiunt3
465 1456 532 1488 sales
560 1456 724 1488 bituminosi
747 1457 922 1500 vegetalibus
941 1458 1089 1499 propiores
1109 1459 1139 1486 &
1173 1458 1261 1497 magis
1293 1454 1437 1498 sulphurei
1457 1468 1521 1488 tam

291 1509 357 1529 cum
377 1499 463 1530 acidis
482 1511 608 1542 pugnam
627 1503 712 1530 cient.

322 1545 348 1571 V
366 1544 386 1572 1.
415 1544 492 1573 Huic
507 1542 600 1574 affinis
621 1541 678 1574 visa
698 1543 736 1573 est
757 1553 827 1583 aqua
846 1542 860 1573 ὲ
879 1554 952 1584 pigo
974 1543 1004 1572 S.
1035 1542 1152 1581 Myonii
1172 1540 1251 1571 dieto
1277 1540 1379 1577 allata,
1398 1554 1463 1573 cum
1485 1555 1520 1573 co

290 1583 453 1616 discrimine
498 1586 555 1616 uod
575 1597 609 1616 ex
631 1585 712 1628 gallae
733 1585 848 1627 pulvere
864 1585 980 1615 rubeum
994 1583 1122 1614 colorem
1145 1584 1288 1620 induerit,
1304 1584 1349 1615 (ed
1369 1586 1448 1627 gustu
1462 1589 1522 1616 aci-

288 1626 325 1656 da
348 1638 419 1660 crat.
433 1596 563 1659 Milltum
577 1628 637 1659 salis
654 1627 795 1671 sulphurei
808 1627 903 1662 dedit,
917 1631 966 1670 qui
988 1638 1052 1658 cum
1075 1625 1141 1656 oleo
1154 1626 1262 1657 vitrioli
1281 1627 1425 1659 efferbuit.
1443 1629 1519 1660 Sub-

290 1668 382 1701 limati
403 1670 573 1702 solutionem
596 1671 694 1702 colore
727 1669 804 1702 flavo
835 1672 917 1701 instar
936 1674 1012 1701 croci
1039 1672 1193 1700 antimonii
1217 1669 1337 1706 infecit,
1355 1670 1434 1712 quod
1452 1671 1520 1703 sales

288 1710 479 1755 sulphurei&
503 1713 569 1751 fixi,
584 1725 614 1745 ut
632 1714 668 1745 sal
688 1717 804 1750 tartari,
822 1714 947 1758 prastarc
965 1712 1064 1744 solent.
1094 1712 1203 1743 Oleum
1224 1713 1331 1744 vitrioli
1351 1715 1418 1744 huic
1439 1726 1519 1757 aquae

288 1756 419 1787 nondum
436 1756 576 1788 distillata
594 1756 714 1788 affusum
729 1757 850 1788 celerem
872 1759 1008 1787 excitavit
1031 1767 1159 1791 motum,
1174 1767 1258 1797 atquc
1274 1759 1433 1788 innumera:
1452 1757 1518 1788 bul-

289 1797 354 1828 lulae
365 1811 414 1842 per
432 1800 508 1830 horte
526 1801 714 1843 quadrantem
738 1800 997 1843 eruperunt.Nihil
1009 1798 1150 1841 ejusmodi
1162 1799 1252 1829 visum
1269 1801 1305 1830 est
1318 1826 1326 1836 ,
1339 1812 1405 1830 cum
1419 1799 1518 1833 oleum

288 1842 399 1874 vitrioli
421 1854 500 1886 aquae
524 1847 673 1875 communi
694 1843 821 1875 infusum
839 1843 903 1876 fuit.
921 1842 1016 1874 Color
1036 1842 1085 1873 illc
1101 1841 1203 1872 rubeus
1222 1853 1255 1872 ex
1271 1843 1439 1874 admistione
1450 1844 1518 1887 gal..

289 1884 322 1914 la:
352 1889 446 1928 potuit
474 1898 508 1917 ex
534 1885 713 1918 bituminoso
738 1886 855 1918 vitriolo
879 1909 888 1922 ‚
916 1886 999 1930 quale
1020 1886 1057 1916 est
1081 1887 1111 1915 in
1131 1885 1256 1916 carbone
1286 1885 1371 1917 fossili
1388 1909 1398 1922 ,
1422 1887 1516 1931 profi-

287 1927 364 1958 uisci.

320 1973 391 2003 Vll.
418 1975 510 2003 Mitto
525 1971 560 2003 cle
578 1972 641 2003 aliis
663 1977 743 2015 aquis
766 1973 954 2005 mineralibus
971 1984 1033 2017 quae
1055 1983 1114 2003 tum
1131 1972 1258 2015 probata:
1277 1972 1415 2009 fuerunt,
1427 1972 1514 2005 fusius

286 2013 400 2046 dicere:
431 2016 531 2046 harum
553 2015 635 2047 dotes
662 2016 765 2048 salibus
788 2019 911 2060 propriis
935 2015 1071 2060 cujusque
1094 2016 1239 2047 mineralis
1258 2028 1361 2058 magna
1379 2027 1412 2047 ex
1433 2028 1514 2059 parte

287 2068 307 2086 1:
320 2057 448 2089 feruntur
468 2070 588 2100 acccpra:
604 2071 611 2094 ;
632 2061 745 2103 spiritus
760 2065 836 2091 enini
859 2063 906 2090 vix
926 2060 950 2090 se
969 2059 1094 2102 produnt
1109 2082 1116 2094 ,
1134 2071 1179 2089 au:
1199 2060 1392 2103 separatione,
1408 2069 1454 2090 aut
1466 2063 1512 2090 vi-

285 2099 362 2130 libus
376 2101 474 2133 mitis.
490 2103 544 2134 scd
564 2105 594 2133 in
612 2104 745 2135 omnibus
759 2105 816 2136 fere
840 2103 1011 2135 salesiusunt
1024 2125 1033 2138 ‚
1054 2105 1128 2145 iique
1149 2113 1220 2145 quos
1236 2107 1378 2135 cernimus
1395 2101 1512 2134 effectus
