1638 2345
282 133 580 167 'ACADEMIAE
615 135 935 166 HISTORIA.
973 136 1110 166 [imi.
1274 145 1309 172 ’ῖς

79 183 161 214 Cant,
183 177 286 210 solutio
311 178 419 209 nullam
436 178 528 210 effecit
555 181 789 213 concretionem,
816 181 856 209 uri
876 189 928 208 nec
944 175 1092 208 dissolutio
1117 176 1224 207 virrioli
1242 176 1307 207 albi.
1329 173 1426 215 Psiyfi—

134 224 173 254 V.
208 222 274 253 Post
302 222 362 252 haee
373 224 403 252 in
423 222 553 264 sanguine
569 233 683 265 quoque
704 221 869 251 animalium
887 219 1018 263 quaedam
1034 219 1107 251 fasta
1122 220 1180 249 sunt
1203 223 1307 250 inean-
1325 230 1367 248 cci„

76 263 146 296 'dem
158 275 220 296 rem
235 267 437 307 experimenta.
455 266 475 294 E
498 264 619 307 jugulari
640 276 709 294 veni
726 268 789 306 agni
814 264 924 306 sanguis
940 262 1037 294 millias
1058 268 1087 294 &
1111 261 1226 292 diveisxs
1248 264 1309 292 xas-

78 307 150 339 culis
172 306 326 351 impositus.
353 309 413 347 Q
431 307 502 339 nulli
523 307 626 351 liquori
645 307 776 338 admistus
802 306 854 337 suit
872 331 879 342 ,
909 308 980 336 intra
1002 307 1168 337 serni-hora*
1192 305 1311 347 spanum

78 352 257 385 omninoest
277 351 441 392 coagulatus
462 361 470 384 τ,
495 354 538 380 cui
558 349 660 381 affatu<
681 351 718 379 cst
748 349 858 391 spiritur
881 349 942 378 silis
971 353 1133 381 communis
1150 370 1159 383 ‚
1186 349 1231 378 hic
1257 349 1313 378 sta-

79 397 132 425 tim
152 405 226 425 totus
244 393 370 424 induruit
388 396 417 423 δε
439 394 597 434 nigrescens
610 404 729 422 omium
748 393 881 422 iuborem
901 395 987 422 exuit.
1009 392 1091 423 Idem
1108 395 1230 433 contigit
1253 392 1314 421 san-

78 440 160 478 guini
184 439 228 467 cui
244 436 340 466 oleum
356 434 464 465 vitrioli
483 435 604 466 affusum
629 435 691 465 fuit.
710 436 831 465 A:e;um
851 446 965 478 quoque
988 434 1153 466 distillatum
1169 438 1250 475 nigro
1262 445 1314 464 co-

79 480 142 509 lore
158 480 321 521 sanguinem
345 478 461 511 inferit,
487 477 533 508 sed
551 479 646 508 minus
667 478 756 508 solida
774 489 832 508 erar
846 479 1000 509 concretio.
1025 480 1147 521 Spiritus
1166 476 1228 507 salis
1254 489 1314 507 am-

80 525 207 553 moniaci
227 533 344 552 omnem
365 520 592 562 coagulationem
613 520 740 551 inhibuit
759 543 768 556 ,
790 524 831 551 uti
855 524 886 551 ὅ(
921 520 1018 551 oleum
1042 524 1166 554 tartari3
1194 520 1242 551 sed
1265 520 1316 551 ille

79 564 210 596 colorem
236 564 355 595 rubrum
369 563 528 606 pleniorem
547 563 646 599 dedit,
675 565 730 594 hoc
754 562 926 594 vividiorem
949 567 979 595 &
1002 566 1115 605 igneam
1129 566 1218 605 magis
1235 563 1314 606 3spi-

82 611 151 638 ritus
173 611 231 638 vini
255 606 381 649 sanguini
400 610 614 637 concretionem
636 606 698 637 satis
722 606 835 636 firmam
858 610 889 636 &
915 607 1079 648 grumosam
1093 609 1255 649 impertiit,
1273 618 1314 637 uti

84 653 117 681 ὃ(
137 654 187 681 ovi
207 649 366 681 albumini:
389 648 513 679 multum
527 661 630 685 tarnen-
641 648 693 679 seri
714 649 850 679 secretum
865 649 924 679 est:
950 649 1037 680 rubor
1053 660 1111 680 erat
1132 650 1229 679 ochtae
1248 650 1322 680 adu--

82 694 129 724 stae
145 704 202 723 non
224 691 369 723 absimilis.
389 693 405 721 S
432 695 508 722 iritus
524 692 618 723 mellis
642 691 810 735 sangninem
824 702 883 722 atro
900 690 998 722 colore
1012 691 1113 723 infecit
1131 714 1140 726 ‚
1164 703 1228 722 cum
1244 692 1316 722 mol-

83 735 105 767 li
132 739 163 767 &
187 734 317 778 inaequali
340 704 544 770 consilienria3
573 738 651 765 nucis
679 734 760 778 gallse
788 736 944 765 extr-aestum
971 739 1186 766 concretionem
1216 734 1321 767 itidem:

83 778 247 821 grumosam
272 778 361 809 dedit.
387 780 508 820 Spiritus
529 780 661 820 aeruginis
687 779 796 809 fortem
823 781 854 808 δέ
878 776 1046 819 aequabilem
1069 780 1285 808 concretionem
1305 801 1316 813 ,

83 822 133 853 sed
148 821 276 852 colorem
295 833 392 852 atrum
412 820 533 852 induxit.
558 823 677 863 Spiritus
693 823 760 851 nitri
773 843 782 855 ,
808 823 837 851 &
856 819 968 863 spiritus
988 819 1051 851 salis
1065 822 1228 853 communis
1237 820 1317 851 mol-

84 864 144 895 lem
160 869 190 896 &
214 868 242 896 in
264 876 379 907 grumos
404 863 556 905 disjectam.
575 863 729 895 effecerunt
762 863 992 906 coagulationem
1011 867 1093 895 ouini
1108 864 1210 895 rubore
1223 862 1320 894 detra-

86 909 145 939 cio.
166 907 237 938 Salis
253 910 414 938 communis
435 909 464 938 in
483 918 554 949 aqua
574 909 721 938 communi
735 905 882 938 dissolutio
900 906 1029 937 colorem
1044 907 1191 950 paululum
1212 909 1318 938 immun

87 955 158 982 tavit
170 977 178 989 ‚
200 950 280 981 nulla
300 949 496 992 coagulatione
515 950 655 986 insecuta3
671 949 748 981 nulla
766 961 880 993 quoque
899 950 914 980 ὲ
937 950 1019 982 succo
1035 954 1183 994 cataputiae
1196 961 1242 980 aur
1254 961 1318 980 ace-

87 993 154 1024 tosae
176 994 282 1036 prodiit
300 995 466 1028 concretio,
491 992 537 1024 sed
558 1005 591 1024 ex
619 994 787 1025 admistione
815 993 958 1028 sacchari,
979 1004 1054 1036 cepae
1071 1015 1080 1027 ,
1107 994 1232 1024 nasturtii
1252 1015 1262 1028 ‚
1288 1003 1324 1023 ut

86 1038 117 1066 in
139 1048 210 1080 puro
227 1038 357 1079 sanguine
369 1059 377 1070 ‚
405 1034 441 1065 sic
457 1034 530 1066 fasta
552 1037 589 1066 est
613 1035 782 1078 coagulatio,
800 1038 842 1066 Ex
859 1039 959 1068 arteria
979 1036 1106 1067 carotide
1122 1036 1233 1079 sanguis
1252 1035 1321 1066 edu-

88 1081 150 1110 ‹stus
176 1078 334 1110 firmiorem
359 1080 456 1108 melus
478 1080 517 1109 est
542 1078 748 1109 consistentiam
770 1101 781 1114 ,
810 1078 915 1121 ubique
934 1078 1040 1114 ruber,
1069 1090 1153 1121 atque
1176 1090 1209 1109 ex
1229 1077 1250 1109 li
1271 1090 1321 1109 uo-

88 1134 154 1154 rum
174 1122 344 1154 admistione
364 1122 469 1152 eaedem
491 1121 554 1152 sunt
571 1121 727 1153 consecutae
751 1126 948 1153 concretsones
969 1143 979 1157 ,
1002 1132 1066 1164 quae
1082 1125 1110 1152 in
1132 1091 1275 1153 venoso}

88 1168 187 1209 guine.

135 1211 188 1240 VI.
210 1210 370 1247 Interjeetis
385 1206 494 1250 aliquot
509 1206 609 1238 diebus
625 1206 733 1250 sanguis
750 1208 870 1238 venosus
884 1219 949 1239 cum
971 1207 1105 1239 arterioso
1123 1207 1243 1238 collatus
1255 1207 1321 1242 fuit„

90 1251 137 1282 hic
154 1255 184 1282 in
201 1255 260 1282 imo
281 1250 351 1282 vasis
366 1251 475 1281 nullam
495 1261 673 1281 contraxerat
696 1251 876 1291 nigredinem
894 1263 901 1286 ;
924 1251 1019 1282 succus
1041 1250 1149 1294 napelli
1169 1260 1322 1292 utrumque

92 1296 174 1337 nigro
202 1294 298 1324 colore
319 1294 457 1324 imbuerat
477 1306 484 1324 :
507 1294 553 1324 sed
570 1305 680 1324 comeo
696 1292 877 1329 discrimine,
896 1305 926 1325 ut
945 1305 1045 1338 quarta
1063 1306 1127 1337 pars
1146 1293 1242 1324 venosi
1260 1294 1322 1323 san-

90 1340 184 1380 guinis
194 1336 395 1372 induresceret,
405 1348 462 1366 non
478 1339 545 1367 item
561 1339 591 1367 in
604 1335 738 1367 arrerioso
751 1335 884 1379 sanguine
898 1341 1016 1373 3cicutae
1031 1337 1127 1367 succus
1140 1335 1247 1368 venoso
1261 1336 1324 1366 san·

91 1383 171 1424 guini
191 1392 330 1421 majorem
348 1384 378 1411 &
403 1379 560 1410 firmiorem
584 1382 796 1411 concretionem
815 1383 972 1423 impertiit,
986 1379 1075 1424 quim
1091 1379 1226 1410 arterioso
1240 1401 1250 1415 ‚
1274 1390 1324 1409 cu*-

92 1427 137 1466 jus
155 1423 236 1454 color
259 1435 329 1466 pene
350 1423 427 1454 idem
447 1420 596 1465 permansit
613 1444 622 1457 ,
645 1422 691 1454 sed
716 1422 834 1453 venosus
853 1434 931 1466 parte
952 1422 1080 1466 suprema
1103 1422 1208 1454 lividus
1237 1433 1326 1465 appa-

94 1465 186 1498 rebat.
209 1466 306 1496 Solani
324 1466 469 1497 mortiferi
489 1466 582 1496 succus
599 1465 721 1496 eundem
746 1464 874 1496 colorem
899 1465 979 1497 dedit
999 1466 1107 1498 venoso
1130 1466 1258 1508 sanguini
1275 1467 1324 1506 qui

95 1519 128 1539 ut
147 1521 229 1551 purus
256 1511 293 1540 ita
311 1508 415 1539 coaluit
429 1535 437 1546 ,
453 1510 601 1540 arteriosus
624 1508 760 1550 liquidior
780 1508 854 1540 visus
874 1509 931 1543 est3
957 1520 1020 1551 pars
1047 1508 1161 1539 densata
1177 1509 1325 1551 pristinum

96 1551 226 1582 colorem
236 1563 294 1583 non
308 1551 411 1586 amisit,
427 1552 473 1582 scd
489 1550 576 1581 setosa
588 1562 646 1582 erat
661 1552 743 1582 instar
751 1562 831 1593 aquae
844 1551 992 1583 subviridis
1007 1555 1038 1583 δέ
1049 1552 1239 1595 putrescentis.
1253 1553 1328 1582 San-

96 1598 159 1637 guis
172 1595 291 1625 venosus
309 1606 373 1625 cum
394 1594 477 1626 succo
491 1595 507 1626 ὲ
531 1593 608 1625 foliis
629 1594 753 1626 sambuci
771 1593 897 1637 expresso
916 1605 949 1625 ur
965 1606 1051 1639 purus
1070 1598 1106 1626 ita
1122 1593 1248 1629 coaluit,
1265 1605 1326 1625 non

97 1640 168 1668 item
179 1638 327 1669 arteriosus
345 1641 394 1679 qui
412 1649 470 1668 non
487 1637 540 1668 fuit
561 1636 744 1679 coagulatus,
768 1637 844 1668 illius
860 1637 1070 1670 colorlividior
1084 1663 1093 1678 ,
1108 1638 1190 1679 hujus
1204 1639 1326 1680 nigrior:

97 1680 136 1712 fic
151 1680 272 1711 ellebori
293 1683 366 1723 nigri
393 1680 487 1712 succus
512 1681 676 1723 sanguinem
693 1680 830 1711 venosum
847 1680 943 1712 minsis
965 1683 1061 1723 co‘e‘git
1072 1703 1082 1715 ,
1095 1683 1201 1722 quique
1216 1683 1245 1710 in
1260 1678 1328 1711 fun-

98 1723 139 1754 do
163 1723 231 1754 vasis
255 1723 413 1755 subsidebat
427 1750 434 1761 ,
453 1723 547 1754 minus
563 1735 621 1755 ater
642 1724 715 1754 visus
737 1726 794 1756 est:
830 1724 982 1756 arteriosus
1006 1723 1129 1766 liquidus
1152 1722 1273 1759 mansit,
1295 1726 1328 1755 δεῖ

100 1765 229 1797 colorem
252 1768 371 1810 praebuit
394 1771 548 1809 nigriorem
566 1778 652 1809 quam
678 1767 806 1797 venosus.

146 1811 218 1840 VII.
248 1812 370 1852 Majoris
387 1811 527 1850 absynthii
552 1809 646 1841 succus
665 1809 737 1841 nihil
757 1809 814 1840 fere
842 1808 878 1840 de
901 1809 1045 1853 sanguinis
1064 1809 1241 1842 consistentia
1262 1821 1327 1840 mu-

102 1854 239 1890 tavit,uti
256 1864 305 1882 nec
326 1853 418 1884 salviae
430 1876 439 1889 ,
456 1852 612 1884 lavendulae
628 1857 656 1883 Sc
668 1853 803 1896 angelica:
812 1853 883 1884 succi
896 1852 1003 1883 venoso
1023 1853 1151 1896 sanguini
1175 1853 1264 1884 ullam
1278 1864 1329 1896 pen

102 1906 139 1924 ne
155 1898 341 1926 mutationem
362 1897 526 1928 attulerunt.
551 1896 698 1939 Angelicae
718 1897 812 1927 succus
827 1895 978 1928 dimidiam
992 1897 1116 1928 arreriosi
1132 1907 1240 1939 partem
1259 1899 1330 1926 coe*-

104 1940 166 1981 git,
190 1937 330 1979 reliquum
354 1941 436 1970 instit
462 1939 512 1970 seri
531 1939 736 1982 sanguinolenti
751 1940 843 1970 visum
857 1962 866 1974 ,
889 1939 974 1981 idque
994 1941 1055 1982 post
1075 1940 1259 1982 sesqui-hora·
1273 1939 1330 1982 spa-

105 1984 177 2011 tium
194 1981 307 2012 coaluit.
332 1984 377 2012 Sic
401 1986 591 2023 Imperatori-re
616 1984 710 2014 succus
732 1983 898 2026 sanguinem
916 1983 1052 2014 venosurn
1077 1982 1210 2026 pellicula
1233 1982 1331 2012 obdu-

104 2028 146 2055 xit
160 2035 167 2058 3
184 2023 349 2067 interposito
377 2024 463 2066 sesqui
477 2027 554 2057 horae
573 2027 661 2068 spatio
675 2026 785 2069 sanguis
804 2030 926 2057 omnino
942 2027 979 2057 est
990 2027 1174 2069 congelatus,
1191 2036 1249 2055 non
1261 2028 1330 2057 item

104 2066 255 2098 arteriosus
275 2071 324 2109 qui
341 2068 466 2109 liquidus
486 2069 647 2112 permansit.

136 2112 226 2150 yffl.
243 2111 291 2142 Ne
309 2111 424 2154 longior
436 2111 505 2152 fim,
524 2112 597 2144 succi
616 2115 737 2145 minoris
756 2111 1044 2156 absynthiiameliffx
1057 2133 1066 2148 ,
1089 2112 1232 2147 bistortae,
1244 2110 1330 2142 alt-m-

1143 2157 1213 2197 Kij

1271 1133 1321 1152 an-
