<?xml version="1.0" encoding="UTF-8"?>
<!DOCTYPE html PUBLIC "-//W3C//DTD XHTML 1.0 Transitional//EN"
    "http://www.w3.org/TR/xhtml1/DTD/xhtml1-transitional.dtd">
<html xmlns="http://www.w3.org/1999/xhtml" xml:lang="en" lang="en">
 <head>
  <title>
</title>
<meta http-equiv="Content-Type" content="text/html;charset=utf-8" />
  <meta name='ocr-system' content='tesseract 3.04.00' />
  <meta name='ocr-capabilities' content='ocr_page ocr_carea ocr_par ocr_line ocrx_word'/>
</head>
<body>
  <div class='ocr_page' id='page_1' title='image "./regiscientiaru98duha_0262.png"; bbox 0 0 1638 2345; ppageno 0'>
   <div class='ocr_carea' id='block_1_1' title="bbox 219 138 1556 2206">
    <p class='ocr_par' dir='ltr' id='par_1_1' title="bbox 219 138 1554 268">
     <span class='ocr_line' id='line_1_1' title="bbox 338 138 1281 179; baseline 0 -7"><span class='ocrx_word' id='word_1_1' title='bbox 338 151 399 179; x_wconf 78' lang='lat'>240</span> <span class='ocrx_word' id='word_1_2' title='bbox 648 139 832 171; x_wconf 76' lang='lat' dir='ltr'>REGIAE</span> <span class='ocrx_word' id='word_1_3' title='bbox 879 138 1281 173; x_wconf 80' lang='lat' dir='ltr'>SCIENTlARUM</span> 
     </span>
     <span class='ocr_line' id='line_1_2' title="bbox 219 179 1554 229; baseline 0.004 -19"><span class='ocrx_word' id='word_1_4' title='bbox 219 179 311 212; x_wconf 63' lang='lat' dir='ltr'>Anu.</span> <span class='ocrx_word' id='word_1_5' title='bbox 335 197 400 216; x_wconf 78' lang='lat' dir='ltr'>nam</span> <span class='ocrx_word' id='word_1_6' title='bbox 423 187 452 216; x_wconf 88' lang='lat' dir='ltr'>in</span> <span class='ocrx_word' id='word_1_7' title='bbox 478 186 563 217; x_wconf 78' lang='lat' dir='ltr'>hotto</span> <span class='ocrx_word' id='word_1_8' title='bbox 580 185 627 216; x_wconf 82' lang='lat' dir='ltr'>suo</span> <span class='ocrx_word' id='word_1_9' title='bbox 647 181 807 213; x_wconf 85' lang='lat' dir='ltr'>suburbano</span> <span class='ocrx_word' id='word_1_10' title='bbox 829 182 983 226; x_wconf 81' lang='lat' dir='ltr'>parandam</span> <span class='ocrx_word' id='word_1_11' title='bbox 1001 186 1132 218; x_wconf 84' lang='lat' dir='ltr'>curavit,</span> <span class='ocrx_word' id='word_1_12' title='bbox 1149 186 1208 225; x_wconf 84' lang='lat' dir='ltr'>ejus</span> <span class='ocrx_word' id='word_1_13' title='bbox 1227 183 1379 229; x_wconf 83' lang='lat' dir='ltr'>descriptio</span> <span class='ocrx_word' id='word_1_14' title='bbox 1401 193 1554 218; x_wconf 68' lang='lat' dir='ltr'>commen-²</span> 
     </span>
     <span class='ocr_line' id='line_1_3' title="bbox 222 225 1209 268; baseline -0.009 -7"><span class='ocrx_word' id='word_1_15' title='bbox 222 226 308 268; x_wconf 76' lang='lat'>¹685·</span> <span class='ocrx_word' id='word_1_16' title='bbox 333 233 409 260; x_wconf 65' lang='lat' dir='ltr'>trariis</span> <span class='ocrx_word' id='word_1_17' title='bbox 427 229 588 260; x_wconf 80' lang='lat' dir='ltr'>Academiae</span> <span class='ocrx_word' id='word_1_18' title='bbox 613 229 650 258; x_wconf 84' lang='lat' dir='ltr'>est</span> <span class='ocrx_word' id='word_1_19' title='bbox 670 225 841 268; x_wconf 77' lang='lat' dir='ltr'>confignata.</span> <span class='ocrx_word' id='word_1_20' title='bbox 1057 236 1063 241; x_wconf 89' lang='lat'><strong>·</strong></span> <span class='ocrx_word' id='word_1_21' title='bbox 1205 245 1209 249; x_wconf 89' lang='lat'>.</span> 
     </span>
    </p>

    <p class='ocr_par' dir='ltr' id='par_1_2' title="bbox 328 267 1556 487">
     <span class='ocr_line' id='line_1_4' title="bbox 375 267 1554 317; baseline -0.003 -12"><span class='ocrx_word' id='word_1_22' title='bbox 375 275 468 315; x_wconf 76' lang='lat' dir='ltr'>Cujus</span> <span class='ocrx_word' id='word_1_23' title='bbox 486 278 525 304; x_wconf 89' lang='lat' dir='ltr'>rei</span> <span class='ocrx_word' id='word_1_24' title='bbox 545 269 692 302; x_wconf 82' lang='lat' dir='ltr'>occaslone</span> <span class='ocrx_word' id='word_1_25' title='bbox 714 267 873 300; x_wconf 81' lang='lat' dir='ltr'>D.Cass1ni</span> <span class='ocrx_word' id='word_1_26' title='bbox 888 270 1019 301; x_wconf 66' lang='lat' dir='ltr'>chain-im</span> <span class='ocrx_word' id='word_1_27' title='bbox 1036 269 1118 301; x_wconf 90' lang='lat' dir='ltr'>nobit</span> <span class='ocrx_word' id='word_1_28' title='bbox 1139 269 1269 302; x_wconf 88' lang='lat' dir='ltr'>exhibuit</span> <span class='ocrx_word' id='word_1_29' title='bbox 1283 293 1293 306; x_wconf 94' lang='lat'>‚</span> <span class='ocrx_word' id='word_1_30' title='bbox 1315 271 1365 301; x_wconf 87' lang='lat' dir='ltr'>ubi</span> <span class='ocrx_word' id='word_1_31' title='bbox 1382 272 1451 304; x_wconf 82' lang='lat' dir='ltr'>Padi</span> <span class='ocrx_word' id='word_1_32' title='bbox 1464 284 1554 317; x_wconf 84' lang='lat' dir='ltr'>prope</span> 
     </span>
     <span class='ocr_line' id='line_1_5' title="bbox 331 312 1554 355; baseline -0.001 -7"><span class='ocrx_word' id='word_1_33' title='bbox 331 319 485 348; x_wconf 73' lang='lat' dir='ltr'>Ferrariam</span> <span class='ocrx_word' id='word_1_34' title='bbox 507 315 629 346; x_wconf 84' lang='lat' dir='ltr'>divortia</span> <span class='ocrx_word' id='word_1_35' title='bbox 647 312 824 344; x_wconf 85' lang='lat' dir='ltr'>delineantut</span> <span class='ocrx_word' id='word_1_36' title='bbox 846 334 855 348; x_wconf 86' lang='lat'>,</span> <span class='ocrx_word' id='word_1_37' title='bbox 886 323 1008 355; x_wconf 87' lang='lat' dir='ltr'>cumque</span> <span class='ocrx_word' id='word_1_38' title='bbox 1030 312 1100 344; x_wconf 82' lang='lat' dir='ltr'>alius</span> <span class='ocrx_word' id='word_1_39' title='bbox 1124 316 1215 343; x_wconf 85' lang='lat' dir='ltr'>amnis</span> <span class='ocrx_word' id='word_1_40' title='bbox 1239 325 1267 345; x_wconf 88' lang='lat' dir='ltr'>v.</span> <span class='ocrx_word' id='word_1_41' title='bbox 1285 315 1355 344; x_wconf 81' lang='lat' dir='ltr'>Reno</span> <span class='ocrx_word' id='word_1_42' title='bbox 1369 336 1378 349; x_wconf 95' lang='lat'>‚</span> <span class='ocrx_word' id='word_1_43' title='bbox 1397 318 1554 347; x_wconf 80' lang='lat' dir='ltr'>Ferrariam</span> 
     </span>
     <span class='ocr_line' id='line_1_6' title="bbox 328 355 1554 403; baseline -0.002 -12"><span class='ocrx_word' id='word_1_44' title='bbox 328 363 488 403; x_wconf 87' lang='lat' dir='ltr'>perveniret</span> <span class='ocrx_word' id='word_1_45' title='bbox 502 381 511 394; x_wconf 91' lang='lat'>,</span> <span class='ocrx_word' id='word_1_46' title='bbox 531 360 608 388; x_wconf 85' lang='lat' dir='ltr'>cives</span> <span class='ocrx_word' id='word_1_47' title='bbox 626 355 661 386; x_wconf 90' lang='lat' dir='ltr'>ad</span> <span class='ocrx_word' id='word_1_48' title='bbox 686 369 705 396; x_wconf 94' lang='lat'>7</span> <span class='ocrx_word' id='word_1_49' title='bbox 727 355 814 398; x_wconf 86' lang='lat' dir='ltr'>usque</span> <span class='ocrx_word' id='word_1_50' title='bbox 834 355 967 387; x_wconf 81' lang='lat' dir='ltr'>milliaria</span> <span class='ocrx_word' id='word_1_51' title='bbox 989 360 1048 397; x_wconf 74' lang='lat' dir='ltr'>ejus</span> <span class='ocrx_word' id='word_1_52' title='bbox 1069 355 1182 387; x_wconf 86' lang='lat' dir='ltr'>cursum</span> <span class='ocrx_word' id='word_1_53' title='bbox 1198 355 1362 388; x_wconf 84' lang='lat' dir='ltr'>derivarunt</span> <span class='ocrx_word' id='word_1_54' title='bbox 1384 379 1394 393; x_wconf 89' lang='lat'><em>‚</em></span> <span class='ocrx_word' id='word_1_55' title='bbox 1415 362 1463 399; x_wconf 93' lang='lat' dir='ltr'>qui</span> <span class='ocrx_word' id='word_1_56' title='bbox 1486 358 1554 390; x_wconf 84' lang='lat' dir='ltr'>inde</span> 
     </span>
     <span class='ocr_line' id='line_1_7' title="bbox 330 398 1556 445; baseline -0.002 -12"><span class='ocrx_word' id='word_1_57' title='bbox 330 406 485 434; x_wconf 79' lang='lat' dir='ltr'>Ferrariam</span> <span class='ocrx_word' id='word_1_58' title='bbox 507 413 555 444; x_wconf 87' lang='lat' dir='ltr'>per</span> <span class='ocrx_word' id='word_1_59' title='bbox 575 399 660 430; x_wconf 65' lang='lat' dir='ltr'>aliam</span> <span class='ocrx_word' id='word_1_60' title='bbox 680 402 755 430; x_wconf 73' lang='lat' dir='ltr'>viam</span> <span class='ocrx_word' id='word_1_61' title='bbox 776 410 880 430; x_wconf 80' lang='lat' dir='ltr'>remeat</span> <span class='ocrx_word' id='word_1_62' title='bbox 898 421 908 435; x_wconf 95' lang='lat'>,</span> <span class='ocrx_word' id='word_1_63' title='bbox 933 399 1040 431; x_wconf 83' lang='lat' dir='ltr'>tametfi</span> <span class='ocrx_word' id='word_1_64' title='bbox 1057 398 1206 431; x_wconf 82' lang='lat' dir='ltr'>declivitas</span> <span class='ocrx_word' id='word_1_65' title='bbox 1224 398 1258 431; x_wconf 84' lang='lat' dir='ltr'>fit</span> <span class='ocrx_word' id='word_1_66' title='bbox 1278 400 1481 432; x_wconf 74' lang='lat' dir='ltr'>tantummodo</span> <span class='ocrx_word' id='word_1_67' title='bbox 1504 413 1556 445; x_wconf 82' lang='lat' dir='ltr'>pe-</span> 
     </span>
     <span class='ocr_line' id='line_1_8' title="bbox 329 445 554 487; baseline -0.009 -11"><span class='ocrx_word' id='word_1_68' title='bbox 329 445 398 476; x_wconf 87' lang='lat' dir='ltr'>dum</span> <span class='ocrx_word' id='word_1_69' title='bbox 418 447 554 487; x_wconf 85' lang='lat' dir='ltr'>quinque.</span> 
     </span>
    </p>

    <p class='ocr_par' dir='ltr' id='par_1_3' title="bbox 327 483 1556 614">
     <span class='ocr_line' id='line_1_9' title="bbox 372 483 1556 528; baseline 0.001 -12"><span class='ocrx_word' id='word_1_70' title='bbox 372 490 408 518; x_wconf 83' lang='grc' dir='ltr'>ΙΙ</span> <span class='ocrx_word' id='word_1_71' title='bbox 422 490 444 520; x_wconf 90' lang='grc' dir='ltr'>Ι,</span> <span class='ocrx_word' id='word_1_72' title='bbox 484 489 523 519; x_wconf 89' lang='lat' dir='ltr'>D.</span> <span class='ocrx_word' id='word_1_73' title='bbox 549 487 596 516; x_wconf 91' lang='lat' dir='ltr'>De</span> <span class='ocrx_word' id='word_1_74' title='bbox 612 486 637 516; x_wconf 87' lang='lat' dir='ltr'>la</span> <span class='ocrx_word' id='word_1_75' title='bbox 652 487 725 517; x_wconf 88' lang='lat' dir='ltr'>Hire</span> <span class='ocrx_word' id='word_1_76' title='bbox 747 487 906 528; x_wconf 74' lang='lat' dir='ltr'>Sequanam</span> <span class='ocrx_word' id='word_1_77' title='bbox 924 497 958 516; x_wconf 86' lang='lat' dir='ltr'>ex</span> <span class='ocrx_word' id='word_1_78' title='bbox 973 483 1042 515; x_wconf 85' lang='lat' dir='ltr'>urbe</span> <span class='ocrx_word' id='word_1_79' title='bbox 1064 483 1207 516; x_wconf 79' lang='lat' dir='ltr'>labentem</span> <span class='ocrx_word' id='word_1_80' title='bbox 1223 484 1338 516; x_wconf 82' lang='lat' dir='ltr'>libravit</span> <span class='ocrx_word' id='word_1_81' title='bbox 1350 507 1360 521; x_wconf 86' lang='lat'><em>,</em></span> <span class='ocrx_word' id='word_1_82' title='bbox 1384 489 1458 517; x_wconf 88' lang='lat' dir='ltr'>intra</span> <span class='ocrx_word' id='word_1_83' title='bbox 1475 486 1556 518; x_wconf 85' lang='lat' dir='ltr'>mille</span> 
     </span>
     <span class='ocr_line' id='line_1_10' title="bbox 329 527 1555 574; baseline -0.004 -12"><span class='ocrx_word' id='word_1_84' title='bbox 329 530 539 574; x_wconf 78' lang='lat' dir='ltr'>hexapedarurn</span> <span class='ocrx_word' id='word_1_85' title='bbox 570 529 690 573; x_wconf 83' lang='lat' dir='ltr'>spatium</span> <span class='ocrx_word' id='word_1_86' title='bbox 719 532 748 560; x_wconf 89' lang='lat' dir='ltr'>in</span> <span class='ocrx_word' id='word_1_87' title='bbox 776 529 895 572; x_wconf 85' lang='lat' dir='ltr'>longum</span> <span class='ocrx_word' id='word_1_88' title='bbox 918 528 1081 573; x_wconf 60' lang='lat' dir='ltr'>porretffmm</span> <span class='ocrx_word' id='word_1_89' title='bbox 1111 527 1211 560; x_wconf 83' lang='lat' dir='ltr'>decem</span> <span class='ocrx_word' id='word_1_90' title='bbox 1238 529 1443 560; x_wconf 87' lang='lat' dir='ltr'>tantummodo</span> <span class='ocrx_word' id='word_1_91' title='bbox 1464 529 1555 573; x_wconf 81' lang='lat' dir='ltr'>polli-</span> 
     </span>
     <span class='ocr_line' id='line_1_11' title="bbox 327 572 1226 614; baseline 0 -10"><span class='ocrx_word' id='word_1_92' title='bbox 327 585 372 605; x_wconf 85' lang='lat' dir='ltr'>ces</span> <span class='ocrx_word' id='word_1_93' title='bbox 389 574 500 605; x_wconf 86' lang='lat' dir='ltr'>declive</span> <span class='ocrx_word' id='word_1_94' title='bbox 525 572 631 604; x_wconf 87' lang='lat' dir='ltr'>flumen</span> <span class='ocrx_word' id='word_1_95' title='bbox 654 576 767 614; x_wconf 86' lang='lat' dir='ltr'>reperit.</span> <span class='ocrx_word' id='word_1_96' title='bbox 1222 606 1226 613; x_wconf 39' lang='lat'><strong><em>¹</em></strong></span> 
     </span>
    </p>

    <p class='ocr_par' dir='ltr' id='par_1_4' title="bbox 325 612 1556 744">
     <span class='ocr_line' id='line_1_12' title="bbox 373 612 1556 659; baseline -0.004 -12"><span class='ocrx_word' id='word_1_97' title='bbox 373 617 406 649; x_wconf 88' lang='lat' dir='ltr'>Id</span> <span class='ocrx_word' id='word_1_98' title='bbox 427 628 540 659; x_wconf 86' lang='lat' dir='ltr'>quoque</span> <span class='ocrx_word' id='word_1_99' title='bbox 563 629 597 647; x_wconf 85' lang='lat' dir='ltr'>ex</span> <span class='ocrx_word' id='word_1_100' title='bbox 617 614 819 646; x_wconf 80' lang='lat' dir='ltr'>librationibus</span> <span class='ocrx_word' id='word_1_101' title='bbox 840 614 1002 645; x_wconf 73' lang='lat' dir='ltr'>accuratisa</span> <span class='ocrx_word' id='word_1_102' title='bbox 1015 612 1110 644; x_wconf 88' lang='lat' dir='ltr'>medio</span> <span class='ocrx_word' id='word_1_103' title='bbox 1131 614 1205 645; x_wconf 86' lang='lat' dir='ltr'>Xisti</span> <span class='ocrx_word' id='word_1_104' title='bbox 1224 614 1268 646; x_wconf 89' lang='lat' dir='ltr'>vel</span> <span class='ocrx_word' id='word_1_105' title='bbox 1281 613 1443 646; x_wconf 60' lang='lat' dir='ltr'>⁴ambulatu-i</span> <span class='ocrx_word' id='word_1_106' title='bbox 1467 627 1495 648; x_wconf 78' lang='lat' dir='ltr'>v,</span> <span class='ocrx_word' id='word_1_107' title='bbox 1513 615 1556 646; x_wconf 70' lang='lat' dir='ltr'>Le</span> 
     </span>
     <span class='ocr_line' id='line_1_13' title="bbox 327 656 1554 702; baseline 0.001 -13"><span class='ocrx_word' id='word_1_108' title='bbox 327 662 411 690; x_wconf 84' lang='lat' dir='ltr'>Cours</span> <span class='ocrx_word' id='word_1_109' title='bbox 428 660 461 690; x_wconf 87' lang='lat' dir='ltr'>de</span> <span class='ocrx_word' id='word_1_110' title='bbox 474 661 501 690; x_wconf 71' lang='lat' dir='ltr'>la</span> <span class='ocrx_word' id='word_1_111' title='bbox 522 661 599 690; x_wconf 83' lang='lat' dir='ltr'>Reine</span> <span class='ocrx_word' id='word_1_112' title='bbox 610 657 645 688; x_wconf 91' lang='lat' dir='ltr'>ad</span> <span class='ocrx_word' id='word_1_113' title='bbox 665 661 759 689; x_wconf 82' lang='lat' dir='ltr'>vicum</span> <span class='ocrx_word' id='word_1_114' title='bbox 777 658 862 701; x_wconf 89' lang='lat' dir='ltr'>usque</span> <span class='ocrx_word' id='word_1_115' title='bbox 876 657 1032 688; x_wconf 68' lang='lat' dir='ltr'>Paniacum</span> <span class='ocrx_word' id='word_1_116' title='bbox 1048 657 1129 687; x_wconf 46' lang='lat' dir='ltr'>faustis</span> <span class='ocrx_word' id='word_1_117' title='bbox 1142 657 1281 701; x_wconf 84' lang='lat' dir='ltr'>collegit,</span> <span class='ocrx_word' id='word_1_118' title='bbox 1298 656 1398 689; x_wconf 87' lang='lat' dir='ltr'>decem</span> <span class='ocrx_word' id='word_1_119' title='bbox 1413 658 1554 702; x_wconf 84' lang='lat' dir='ltr'>pollicum</span> 
     </span>
     <span class='ocr_line' id='line_1_14' title="bbox 325 699 989 744; baseline -0.006 -10"><span class='ocrx_word' id='word_1_120' title='bbox 325 702 518 734; x_wconf 81' lang='lat' dir='ltr'>declivitatem</span> <span class='ocrx_word' id='word_1_121' title='bbox 538 702 620 732; x_wconf 86' lang='lat' dir='ltr'>mille</span> <span class='ocrx_word' id='word_1_122' title='bbox 636 701 788 744; x_wconf 86' lang='lat' dir='ltr'>hexapedis</span> <span class='ocrx_word' id='word_1_123' title='bbox 808 699 989 743; x_wconf 83' lang='lat' dir='ltr'>respondere.</span> 
     </span>
    </p>

    <p class='ocr_par' dir='ltr' id='par_1_5' title="bbox 325 744 1556 993">
     <span class='ocr_line' id='line_1_15' title="bbox 375 744 1556 788; baseline -0.001 -11"><span class='ocrx_word' id='word_1_124' title='bbox 375 748 437 777; x_wconf 87' lang='lat' dir='ltr'>lv.</span> <span class='ocrx_word' id='word_1_125' title='bbox 468 747 536 788; x_wconf 83' lang='lat' dir='ltr'>Jam</span> <span class='ocrx_word' id='word_1_126' title='bbox 556 757 586 776; x_wconf 84' lang='lat' dir='ltr'>ut</span> <span class='ocrx_word' id='word_1_127' title='bbox 603 744 638 775; x_wconf 88' lang='lat' dir='ltr'>ab</span> <span class='ocrx_word' id='word_1_128' title='bbox 663 744 874 784; x_wconf 85' lang='lat' dir='ltr'>Hydrostatieis</span> <span class='ocrx_word' id='word_1_129' title='bbox 895 744 933 775; x_wconf 82' lang='lat' dir='ltr'>ad</span> <span class='ocrx_word' id='word_1_130' title='bbox 955 754 1044 774; x_wconf 82' lang='lat' dir='ltr'>artem</span> <span class='ocrx_word' id='word_1_131' title='bbox 1062 744 1296 775; x_wconf 81' lang='lat' dir='ltr'>machinatricem</span> <span class='ocrx_word' id='word_1_132' title='bbox 1317 746 1486 778; x_wconf 86' lang='lat' dir='ltr'>veniamus,</span> <span class='ocrx_word' id='word_1_133' title='bbox 1509 745 1556 776; x_wconf 78' lang='lat' dir='ltr'>D.</span> 
     </span>
     <span class='ocr_line' id='line_1_16' title="bbox 325 785 1553 830; baseline -0.001 -10"><span class='ocrx_word' id='word_1_134' title='bbox 325 788 362 820; x_wconf 87' lang='lat' dir='ltr'>de</span> <span class='ocrx_word' id='word_1_135' title='bbox 379 788 405 820; x_wconf 89' lang='lat' dir='ltr'>la</span> <span class='ocrx_word' id='word_1_136' title='bbox 418 792 526 821; x_wconf 87' lang='lat' dir='ltr'>Beaune</span> <span class='ocrx_word' id='word_1_137' title='bbox 547 788 766 830; x_wconf 84' lang='lat' dir='ltr'>horologiorum</span> <span class='ocrx_word' id='word_1_138' title='bbox 777 785 874 830; x_wconf 80' lang='lat' dir='ltr'>opifex</span> <span class='ocrx_word' id='word_1_139' title='bbox 888 786 1038 818; x_wconf 83' lang='lat' dir='ltr'>industrius</span> <span class='ocrx_word' id='word_1_140' title='bbox 1058 787 1189 829; x_wconf 84' lang='lat' dir='ltr'>portatile</span> <span class='ocrx_word' id='word_1_141' title='bbox 1205 787 1391 829; x_wconf 83' lang='lat' dir='ltr'>horologium</span> <span class='ocrx_word' id='word_1_142' title='bbox 1406 787 1553 823; x_wconf 83' lang='lat' dir='ltr'>exhibuit,</span> 
     </span>
     <span class='ocr_line' id='line_1_17' title="bbox 326 829 1555 874; baseline -0.001 -11"><span class='ocrx_word' id='word_1_143' title='bbox 326 835 407 873; x_wconf 83' lang='lat' dir='ltr'>cujus</span> <span class='ocrx_word' id='word_1_144' title='bbox 435 831 638 863; x_wconf 79' lang='lat' dir='ltr'>libramentum</span> <span class='ocrx_word' id='word_1_145' title='bbox 666 842 784 874; x_wconf 80' lang='lat' dir='ltr'>magnas</span> <span class='ocrx_word' id='word_1_146' title='bbox 803 830 862 861; x_wconf 89' lang='lat' dir='ltr'>edit</span> <span class='ocrx_word' id='word_1_147' title='bbox 884 830 1058 861; x_wconf 86' lang='lat' dir='ltr'>vibrationes</span> <span class='ocrx_word' id='word_1_148' title='bbox 1079 855 1088 868; x_wconf 93' lang='lat'>‚</span> <span class='ocrx_word' id='word_1_149' title='bbox 1118 829 1197 871; x_wconf 89' lang='lat' dir='ltr'>quod</span> <span class='ocrx_word' id='word_1_150' title='bbox 1217 833 1245 859; x_wconf 93' lang='lat' dir='ltr'>in</span> <span class='ocrx_word' id='word_1_151' title='bbox 1273 829 1434 873; x_wconf 86' lang='lat' dir='ltr'>complures</span> <span class='ocrx_word' id='word_1_152' title='bbox 1458 842 1555 872; x_wconf 80' lang='lat' dir='ltr'>agatur</span> 
     </span>
     <span class='ocr_line' id='line_1_18' title="bbox 326 872 1554 917; baseline -0.001 -12"><span class='ocrx_word' id='word_1_153' title='bbox 326 885 423 916; x_wconf 86' lang='lat' dir='ltr'>gyros.</span> <span class='ocrx_word' id='word_1_154' title='bbox 457 877 525 906; x_wconf 86' lang='lat' dir='ltr'>Hoc</span> <span class='ocrx_word' id='word_1_155' title='bbox 554 875 595 905; x_wconf 88' lang='lat' dir='ltr'>D.</span> <span class='ocrx_word' id='word_1_156' title='bbox 622 872 732 905; x_wconf 81' lang='lat' dir='ltr'>Cassini</span> <span class='ocrx_word' id='word_1_157' title='bbox 765 873 921 917; x_wconf 83' lang='lat' dir='ltr'>probavit,</span> <span class='ocrx_word' id='word_1_158' title='bbox 954 872 1038 914; x_wconf 86' lang='lat' dir='ltr'>idque</span> <span class='ocrx_word' id='word_1_159' title='bbox 1065 883 1130 902; x_wconf 90' lang='lat' dir='ltr'>curn</span> <span class='ocrx_word' id='word_1_160' title='bbox 1157 872 1288 915; x_wconf 86' lang='lat' dir='ltr'>pendulis</span> <span class='ocrx_word' id='word_1_161' title='bbox 1316 873 1387 903; x_wconf 90' lang='lat' dir='ltr'>bene</span> <span class='ocrx_word' id='word_1_162' title='bbox 1411 874 1554 904; x_wconf 74' lang='lat' dir='ltr'>cohaerere</span> 
     </span>
     <span class='ocr_line' id='line_1_19' title="bbox 327 914 1554 960; baseline -0.001 -13"><span class='ocrx_word' id='word_1_163' title='bbox 327 920 429 960; x_wconf 81' lang='lat' dir='ltr'>primis</span> <span class='ocrx_word' id='word_1_164' title='bbox 449 918 549 949; x_wconf 88' lang='lat' dir='ltr'>diebus</span> <span class='ocrx_word' id='word_1_165' title='bbox 572 919 736 960; x_wconf 85' lang='lat' dir='ltr'>comperit,</span> <span class='ocrx_word' id='word_1_166' title='bbox 761 921 791 947; x_wconf 71' lang='grc' dir='ltr'>δε</span> <span class='ocrx_word' id='word_1_167' title='bbox 813 917 914 947; x_wconf 65' lang='lat' dir='ltr'>cel-ava</span> <span class='ocrx_word' id='word_1_168' title='bbox 933 926 1043 946; x_wconf 82' lang='lat' dir='ltr'>tantum</span> <span class='ocrx_word' id='word_1_169' title='bbox 1062 914 1139 946; x_wconf 75' lang='lat' dir='ltr'>hora:</span> <span class='ocrx_word' id='word_1_170' title='bbox 1158 926 1236 958; x_wconf 88' lang='lat' dir='ltr'>parte</span> <span class='ocrx_word' id='word_1_171' title='bbox 1251 918 1314 959; x_wconf 86' lang='lat' dir='ltr'>post</span> <span class='ocrx_word' id='word_1_172' title='bbox 1336 917 1403 947; x_wconf 72' lang='grc' dir='ltr'>οέὶο</span> <span class='ocrx_word' id='word_1_173' title='bbox 1422 916 1482 946; x_wconf 86' lang='lat' dir='ltr'>dies</span> <span class='ocrx_word' id='word_1_174' title='bbox 1509 928 1554 947; x_wconf 85' lang='lat' dir='ltr'>re·</span> 
     </span>
     <span class='ocr_line' id='line_1_20' title="bbox 329 960 443 993; baseline 0.044 -5"><span class='ocrx_word' id='word_1_175' title='bbox 329 960 443 993; x_wconf 86' lang='lat' dir='ltr'>tardari.</span> 
     </span>
    </p>

    <p class='ocr_par' dir='ltr' id='par_1_6' title="bbox 325 1000 1556 1647">
     <span class='ocr_line' id='line_1_21' title="bbox 373 1000 1555 1046; baseline 0 -12"><span class='ocrx_word' id='word_1_176' title='bbox 373 1006 411 1034; x_wconf 93' lang='lat' dir='ltr'>V.</span> <span class='ocrx_word' id='word_1_177' title='bbox 446 1004 504 1034; x_wconf 91' lang='lat' dir='ltr'>Die</span> <span class='ocrx_word' id='word_1_178' title='bbox 528 1014 555 1033; x_wconf 86' lang='lat' dir='ltr'>zi</span> <span class='ocrx_word' id='word_1_179' title='bbox 577 1002 650 1046; x_wconf 90' lang='lat' dir='ltr'>Julii</span> <span class='ocrx_word' id='word_1_180' title='bbox 672 1003 811 1034; x_wconf 74' lang='lat' dir='ltr'>machinae</span> <span class='ocrx_word' id='word_1_181' title='bbox 832 1001 952 1045; x_wconf 83' lang='lat' dir='ltr'>figuram</span> <span class='ocrx_word' id='word_1_182' title='bbox 977 1001 1105 1033; x_wconf 87' lang='lat' dir='ltr'>exhibuit</span> <span class='ocrx_word' id='word_1_183' title='bbox 1131 1002 1172 1033; x_wconf 90' lang='lat' dir='ltr'>D.</span> <span class='ocrx_word' id='word_1_184' title='bbox 1195 1000 1322 1032; x_wconf 81' lang='lat' dir='ltr'>Perrault</span> <span class='ocrx_word' id='word_1_185' title='bbox 1338 1024 1348 1037; x_wconf 91' lang='lat'>‚</span> <span class='ocrx_word' id='word_1_186' title='bbox 1371 1014 1426 1044; x_wconf 88' lang='lat' dir='ltr'>qua</span> <span class='ocrx_word' id='word_1_187' title='bbox 1446 1002 1555 1034; x_wconf 86' lang='lat' dir='ltr'>ruden-</span> 
     </span>
     <span class='ocr_line' id='line_1_22' title="bbox 327 1044 1555 1089; baseline 0.001 -13"><span class='ocrx_word' id='word_1_188' title='bbox 327 1056 367 1077; x_wconf 88' lang='lat' dir='ltr'>tes</span> <span class='ocrx_word' id='word_1_189' title='bbox 386 1045 514 1077; x_wconf 82' lang='lat' dir='ltr'>fistuntur</span> <span class='ocrx_word' id='word_1_190' title='bbox 532 1058 599 1078; x_wconf 89' lang='lat' dir='ltr'>cum</span> <span class='ocrx_word' id='word_1_191' title='bbox 620 1058 722 1089; x_wconf 82' lang='lat' dir='ltr'>magna</span> <span class='ocrx_word' id='word_1_192' title='bbox 743 1045 876 1076; x_wconf 85' lang='lat' dir='ltr'>firmitate</span> <span class='ocrx_word' id='word_1_193' title='bbox 891 1068 900 1080; x_wconf 88' lang='lat'><em>,</em></span> <span class='ocrx_word' id='word_1_194' title='bbox 925 1050 954 1077; x_wconf 85' lang='lat'>&amp;</span> <span class='ocrx_word' id='word_1_195' title='bbox 977 1044 1059 1075; x_wconf 86' lang='lat' dir='ltr'>liberi</span> <span class='ocrx_word' id='word_1_196' title='bbox 1079 1044 1263 1075; x_wconf 85' lang='lat' dir='ltr'>dimittuntur</span> <span class='ocrx_word' id='word_1_197' title='bbox 1286 1056 1345 1075; x_wconf 90' lang='lat' dir='ltr'>non</span> <span class='ocrx_word' id='word_1_198' title='bbox 1364 1048 1470 1076; x_wconf 87' lang='lat' dir='ltr'>minori</span> <span class='ocrx_word' id='word_1_199' title='bbox 1485 1045 1555 1077; x_wconf 56' lang='lat' dir='ltr'>facie-</span> 
     </span>
     <span class='ocr_line' id='line_1_23' title="bbox 326 1087 1556 1132; baseline 0 -13"><span class='ocrx_word' id='word_1_200' title='bbox 326 1088 416 1120; x_wconf 78' lang='lat' dir='ltr'>litate.</span> <span class='ocrx_word' id='word_1_201' title='bbox 439 1092 536 1131; x_wconf 86' lang='lat' dir='ltr'>Qam</span> <span class='ocrx_word' id='word_1_202' title='bbox 560 1090 721 1120; x_wconf 87' lang='lat' dir='ltr'>machinam</span> <span class='ocrx_word' id='word_1_203' title='bbox 738 1092 883 1132; x_wconf 78' lang='lat' dir='ltr'>permagni</span> <span class='ocrx_word' id='word_1_204' title='bbox 905 1088 967 1119; x_wconf 84' lang='lat' dir='ltr'>usus</span> <span class='ocrx_word' id='word_1_205' title='bbox 985 1087 1039 1118; x_wconf 83' lang='lat' dir='ltr'>esse</span> <span class='ocrx_word' id='word_1_206' title='bbox 1056 1087 1155 1118; x_wconf 89' lang='lat' dir='ltr'>docuit</span> <span class='ocrx_word' id='word_1_207' title='bbox 1174 1098 1204 1117; x_wconf 83' lang='lat' dir='ltr'>ut</span> <span class='ocrx_word' id='word_1_208' title='bbox 1223 1090 1266 1118; x_wconf 88' lang='lat' dir='ltr'>vis</span> <span class='ocrx_word' id='word_1_209' title='bbox 1284 1091 1419 1131; x_wconf 71' lang='lat' dir='ltr'>potentia:</span> <span class='ocrx_word' id='word_1_210' title='bbox 1440 1090 1556 1119; x_wconf 87' lang='lat' dir='ltr'>trahen-</span> 
     </span>
     <span class='ocr_line' id='line_1_24' title="bbox 327 1131 1554 1176; baseline 0.001 -14"><span class='ocrx_word' id='word_1_211' title='bbox 327 1134 361 1162; x_wconf 82' lang='lat' dir='ltr'>tis</span> <span class='ocrx_word' id='word_1_212' title='bbox 391 1144 436 1163; x_wconf 85' lang='lat' dir='ltr'>aut</span> <span class='ocrx_word' id='word_1_213' title='bbox 462 1131 635 1176; x_wconf 85' lang='lat' dir='ltr'>impellentis</span> <span class='ocrx_word' id='word_1_214' title='bbox 663 1144 710 1173; x_wconf 81' lang='lat' dir='ltr'>per</span> <span class='ocrx_word' id='word_1_215' title='bbox 738 1135 870 1175; x_wconf 86' lang='lat' dir='ltr'>repetitos</span> <span class='ocrx_word' id='word_1_216' title='bbox 891 1142 1009 1161; x_wconf 79' lang='lat' dir='ltr'>conatus</span> <span class='ocrx_word' id='word_1_217' title='bbox 1037 1133 1127 1172; x_wconf 82' lang='lat' dir='ltr'>magis</span> <span class='ocrx_word' id='word_1_218' title='bbox 1147 1131 1279 1172; x_wconf 79' lang='lat' dir='ltr'>expedita</span> <span class='ocrx_word' id='word_1_219' title='bbox 1300 1131 1444 1164; x_wconf 84' lang='lat' dir='ltr'>reddatur.</span> <span class='ocrx_word' id='word_1_220' title='bbox 1472 1134 1554 1163; x_wconf 76' lang='lat' dir='ltr'>Nam</span> 
     </span>
     <span class='ocr_line' id='line_1_25' title="bbox 325 1172 1554 1217; baseline 0 -11"><span class='ocrx_word' id='word_1_221' title='bbox 325 1179 519 1217; x_wconf 82' lang='lat' dir='ltr'>potentiarum</span> <span class='ocrx_word' id='word_1_222' title='bbox 539 1176 663 1206; x_wconf 63' lang='lat' dir='ltr'>actiones</span> <span class='ocrx_word' id='word_1_223' title='bbox 679 1175 739 1205; x_wconf 83' lang='lat' dir='ltr'>sunt</span> <span class='ocrx_word' id='word_1_224' title='bbox 755 1177 784 1204; x_wconf 86' lang='lat' dir='ltr'>in</span> <span class='ocrx_word' id='word_1_225' title='bbox 799 1174 907 1217; x_wconf 87' lang='lat' dir='ltr'>duplici</span> <span class='ocrx_word' id='word_1_226' title='bbox 926 1172 1087 1205; x_wconf 85' lang='lat' dir='ltr'>differentia</span> <span class='ocrx_word' id='word_1_227' title='bbox 1102 1173 1260 1204; x_wconf 73' lang='lat' dir='ltr'>constituta·</span> <span class='ocrx_word' id='word_1_228' title='bbox 1273 1196 1286 1209; x_wconf 77' lang='lat'><strong><em>,</em></strong></span> <span class='ocrx_word' id='word_1_229' title='bbox 1303 1173 1364 1205; x_wconf 77' lang='lat' dir='ltr'>aliae</span> <span class='ocrx_word' id='word_1_230' title='bbox 1385 1178 1554 1206; x_wconf 86' lang='lat' dir='ltr'>continuato</span> 
     </span>
     <span class='ocr_line' id='line_1_26' title="bbox 326 1216 1555 1260; baseline -0.001 -12"><span class='ocrx_word' id='word_1_231' title='bbox 326 1221 433 1260; x_wconf 90' lang='lat' dir='ltr'>impetu</span> <span class='ocrx_word' id='word_1_232' title='bbox 454 1222 484 1249; x_wconf 88' lang='lat'>&amp;</span> <span class='ocrx_word' id='word_1_233' title='bbox 505 1221 623 1249; x_wconf 85' lang='lat' dir='ltr'>minime</span> <span class='ocrx_word' id='word_1_234' title='bbox 641 1221 799 1259; x_wconf 88' lang='lat' dir='ltr'>interrupto</span> <span class='ocrx_word' id='word_1_235' title='bbox 820 1228 1005 1256; x_wconf 81' lang='lat' dir='ltr'>exercentur,</span> <span class='ocrx_word' id='word_1_236' title='bbox 1018 1227 1048 1247; x_wconf 89' lang='lat' dir='ltr'>ut</span> <span class='ocrx_word' id='word_1_237' title='bbox 1070 1216 1183 1246; x_wconf 77' lang='lat' dir='ltr'>elateria</span> <span class='ocrx_word' id='word_1_238' title='bbox 1203 1219 1232 1247; x_wconf 88' lang='lat'>&amp;</span> <span class='ocrx_word' id='word_1_239' title='bbox 1255 1217 1381 1259; x_wconf 82' lang='lat' dir='ltr'>pondera</span> <span class='ocrx_word' id='word_1_240' title='bbox 1399 1231 1406 1248; x_wconf 88' lang='lat'>:</span> <span class='ocrx_word' id='word_1_241' title='bbox 1423 1218 1484 1249; x_wconf 69' lang='lat' dir='ltr'>alix</span> <span class='ocrx_word' id='word_1_242' title='bbox 1499 1221 1555 1250; x_wconf 91' lang='lat' dir='ltr'>im-</span> 
     </span>
     <span class='ocr_line' id='line_1_27' title="bbox 325 1259 1554 1303; baseline 0.002 -13"><span class='ocrx_word' id='word_1_243' title='bbox 325 1271 391 1302; x_wconf 83' lang='lat' dir='ltr'>petu</span> <span class='ocrx_word' id='word_1_244' title='bbox 415 1273 461 1292; x_wconf 83' lang='lat' dir='ltr'>aut</span> <span class='ocrx_word' id='word_1_245' title='bbox 481 1272 560 1291; x_wconf 87' lang='lat' dir='ltr'>motu</span> <span class='ocrx_word' id='word_1_246' title='bbox 574 1259 741 1292; x_wconf 80' lang='lat' dir='ltr'>intermiffo.</span> <span class='ocrx_word' id='word_1_247' title='bbox 766 1262 838 1290; x_wconf 73' lang='lat' dir='ltr'>Haec</span> <span class='ocrx_word' id='word_1_248' title='bbox 854 1271 935 1290; x_wconf 87' lang='lat' dir='ltr'>mora</span> <span class='ocrx_word' id='word_1_249' title='bbox 958 1270 1004 1290; x_wconf 84' lang='lat' dir='ltr'>aut</span> <span class='ocrx_word' id='word_1_250' title='bbox 1020 1261 1100 1301; x_wconf 84' lang='lat' dir='ltr'>quies</span> <span class='ocrx_word' id='word_1_251' title='bbox 1115 1262 1271 1302; x_wconf 80' lang='lat' dir='ltr'>potentiam</span> <span class='ocrx_word' id='word_1_252' title='bbox 1289 1260 1377 1303; x_wconf 82' lang='lat' dir='ltr'>ipsam</span> <span class='ocrx_word' id='word_1_253' title='bbox 1395 1262 1554 1292; x_wconf 82' lang='lat' dir='ltr'>trahentem</span> 
     </span>
     <span class='ocr_line' id='line_1_28' title="bbox 327 1302 1554 1346; baseline 0.002 -13"><span class='ocrx_word' id='word_1_254' title='bbox 327 1303 470 1346; x_wconf 83' lang='lat' dir='ltr'>suspendit</span> <span class='ocrx_word' id='word_1_255' title='bbox 486 1327 495 1339; x_wconf 86' lang='lat'><em>‚</em></span> <span class='ocrx_word' id='word_1_256' title='bbox 517 1315 636 1346; x_wconf 87' lang='lat' dir='ltr'>eamque</span> <span class='ocrx_word' id='word_1_257' title='bbox 659 1303 771 1334; x_wconf 85' lang='lat' dir='ltr'>distinet</span> <span class='ocrx_word' id='word_1_258' title='bbox 786 1325 794 1337; x_wconf 92' lang='lat'>,</span> <span class='ocrx_word' id='word_1_259' title='bbox 813 1302 885 1332; x_wconf 83' lang='lat' dir='ltr'>adeo</span> <span class='ocrx_word' id='word_1_260' title='bbox 917 1313 947 1332; x_wconf 91' lang='lat' dir='ltr'>ut</span> <span class='ocrx_word' id='word_1_261' title='bbox 968 1302 1061 1332; x_wconf 84' lang='lat' dir='ltr'>nisum</span> <span class='ocrx_word' id='word_1_262' title='bbox 1084 1303 1162 1331; x_wconf 90' lang='lat' dir='ltr'>suum</span> <span class='ocrx_word' id='word_1_263' title='bbox 1180 1304 1368 1343; x_wconf 84' lang='lat' dir='ltr'>nequicquam</span> <span class='ocrx_word' id='word_1_264' title='bbox 1387 1305 1554 1341; x_wconf 81' lang='lat' dir='ltr'>consumat,</span> 
     </span>
     <span class='ocr_line' id='line_1_29' title="bbox 326 1344 1554 1389; baseline 0.002 -13"><span class='ocrx_word' id='word_1_265' title='bbox 326 1357 355 1376; x_wconf 85' lang='lat' dir='ltr'>ut</span> <span class='ocrx_word' id='word_1_266' title='bbox 375 1350 404 1376; x_wconf 85' lang='lat' dir='ltr'>in</span> <span class='ocrx_word' id='word_1_267' title='bbox 428 1359 463 1378; x_wconf 82' lang='lat' dir='ltr'>eo</span> <span class='ocrx_word' id='word_1_268' title='bbox 491 1347 562 1377; x_wconf 80' lang='lat' dir='ltr'>statu</span> <span class='ocrx_word' id='word_1_269' title='bbox 581 1347 681 1389; x_wconf 81' lang='lat' dir='ltr'>perstet</span> <span class='ocrx_word' id='word_1_270' title='bbox 700 1345 824 1389; x_wconf 85' lang='lat' dir='ltr'>idipsum</span> <span class='ocrx_word' id='word_1_271' title='bbox 851 1344 928 1386; x_wconf 86' lang='lat' dir='ltr'>quod</span> <span class='ocrx_word' id='word_1_272' title='bbox 949 1346 1069 1375; x_wconf 88' lang='lat' dir='ltr'>trahitur</span> <span class='ocrx_word' id='word_1_273' title='bbox 1094 1367 1103 1379; x_wconf 94' lang='lat'><em>,</em></span> <span class='ocrx_word' id='word_1_274' title='bbox 1133 1347 1162 1375; x_wconf 70' lang='grc' dir='ltr'>δι</span> <span class='ocrx_word' id='word_1_275' title='bbox 1187 1347 1215 1375; x_wconf 90' lang='lat' dir='ltr'>in</span> <span class='ocrx_word' id='word_1_276' title='bbox 1238 1349 1412 1377; x_wconf 83' lang='lat' dir='ltr'>contrarium</span> <span class='ocrx_word' id='word_1_277' title='bbox 1436 1350 1554 1378; x_wconf 79' lang='lat' dir='ltr'>nitentis</span> 
     </span>
     <span class='ocr_line' id='line_1_30' title="bbox 326 1386 1554 1432; baseline 0.003 -15"><span class='ocrx_word' id='word_1_278' title='bbox 326 1401 371 1420; x_wconf 71' lang='lat' dir='ltr'>aut</span> <span class='ocrx_word' id='word_1_279' title='bbox 391 1391 558 1421; x_wconf 68' lang='lat' dir='ltr'>retrahentis</span> <span class='ocrx_word' id='word_1_280' title='bbox 582 1393 714 1432; x_wconf 67' lang='lat' dir='ltr'>potentia:</span> <span class='ocrx_word' id='word_1_281' title='bbox 740 1400 873 1419; x_wconf 77' lang='lat' dir='ltr'>conatum</span> <span class='ocrx_word' id='word_1_282' title='bbox 899 1390 1003 1418; x_wconf 84' lang='lat' dir='ltr'>vincat.</span> <span class='ocrx_word' id='word_1_283' title='bbox 1039 1386 1239 1428; x_wconf 67' lang='lat' dir='ltr'>Qamobrem</span> <span class='ocrx_word' id='word_1_284' title='bbox 1266 1386 1284 1417; x_wconf 84' lang='lat' dir='ltr'>si</span> <span class='ocrx_word' id='word_1_285' title='bbox 1300 1389 1370 1430; x_wconf 90' lang='lat' dir='ltr'>quid</span> <span class='ocrx_word' id='word_1_286' title='bbox 1394 1394 1554 1432; x_wconf 84' lang='lat' dir='ltr'>potentiam</span> 
     </span>
     <span class='ocr_line' id='line_1_31' title="bbox 326 1430 1554 1467; baseline 0.002 -6"><span class='ocrx_word' id='word_1_287' title='bbox 326 1434 485 1464; x_wconf 59' lang='lat' dir='ltr'>“astri-:cm</span> <span class='ocrx_word' id='word_1_288' title='bbox 510 1433 543 1463; x_wconf 74' lang='lat' dir='ltr'>ab</span> <span class='ocrx_word' id='word_1_289' title='bbox 564 1444 597 1462; x_wconf 84' lang='lat' dir='ltr'>co</span> <span class='ocrx_word' id='word_1_290' title='bbox 620 1455 628 1467; x_wconf 89' lang='lat'>‚</span> <span class='ocrx_word' id='word_1_291' title='bbox 660 1443 691 1462; x_wconf 90' lang='lat' dir='ltr'>ut</span> <span class='ocrx_word' id='word_1_292' title='bbox 713 1434 751 1462; x_wconf 85' lang='lat' dir='ltr'>ita</span> <span class='ocrx_word' id='word_1_293' title='bbox 771 1431 864 1462; x_wconf 87' lang='lat' dir='ltr'>dicam</span> <span class='ocrx_word' id='word_1_294' title='bbox 883 1453 892 1465; x_wconf 90' lang='lat'>‚</span> <span class='ocrx_word' id='word_1_295' title='bbox 912 1431 1007 1461; x_wconf 86' lang='lat' dir='ltr'>labore</span> <span class='ocrx_word' id='word_1_296' title='bbox 1027 1430 1176 1460; x_wconf 79' lang='lat' dir='ltr'>sustinendi</span> <span class='ocrx_word' id='word_1_297' title='bbox 1196 1442 1240 1462; x_wconf 82' lang='lat' dir='ltr'>aut</span> <span class='ocrx_word' id='word_1_298' title='bbox 1266 1430 1376 1463; x_wconf 84' lang='lat' dir='ltr'>sistendi</span> <span class='ocrx_word' id='word_1_299' title='bbox 1399 1436 1426 1463; x_wconf 91' lang='lat' dir='ltr'>in</span> <span class='ocrx_word' id='word_1_300' title='bbox 1451 1433 1554 1464; x_wconf 85' lang='lat' dir='ltr'>eodem</span> 
     </span>
     <span class='ocr_line' id='line_1_32' title="bbox 326 1473 1554 1520; baseline 0.003 -17"><span class='ocrx_word' id='word_1_301' title='bbox 326 1476 393 1506; x_wconf 79' lang='lat' dir='ltr'>statu</span> <span class='ocrx_word' id='word_1_302' title='bbox 417 1488 518 1520; x_wconf 52' lang='lat' dir='ltr'>corpus</span> <span class='ocrx_word' id='word_1_303' title='bbox 547 1475 637 1519; x_wconf 82' lang='lat' dir='ltr'>ipsum</span> <span class='ocrx_word' id='word_1_304' title='bbox 661 1474 739 1515; x_wconf 88' lang='lat' dir='ltr'>quod</span> <span class='ocrx_word' id='word_1_305' title='bbox 767 1475 938 1504; x_wconf 76' lang='lat' dir='ltr'>trahendum</span> <span class='ocrx_word' id='word_1_306' title='bbox 966 1474 1026 1509; x_wconf 85' lang='lat' dir='ltr'>est,</span> <span class='ocrx_word' id='word_1_307' title='bbox 1053 1473 1097 1503; x_wconf 86' lang='lat' dir='ltr'>vel</span> <span class='ocrx_word' id='word_1_308' title='bbox 1122 1474 1342 1517; x_wconf 83' lang='lat' dir='ltr'>propellendum</span> <span class='ocrx_word' id='word_1_309' title='bbox 1368 1477 1429 1520; x_wconf 84' lang='lat' dir='ltr'>ipso</span> <span class='ocrx_word' id='word_1_310' title='bbox 1451 1479 1554 1519; x_wconf 82' lang='lat' dir='ltr'>quietis</span> 
     </span>
     <span class='ocr_line' id='line_1_33' title="bbox 326 1517 1556 1561; baseline 0.002 -14"><span class='ocrx_word' id='word_1_311' title='bbox 326 1530 453 1561; x_wconf 80' lang='lat' dir='ltr'>tempore</span> <span class='ocrx_word' id='word_1_312' title='bbox 472 1522 575 1550; x_wconf 68' lang='lat' dir='ltr'>exunat</span> <span class='ocrx_word' id='word_1_313' title='bbox 587 1540 594 1552; x_wconf 85' lang='lat'>‚</span> <span class='ocrx_word' id='word_1_314' title='bbox 616 1517 708 1548; x_wconf 82' lang='lat' dir='ltr'>multo</span> <span class='ocrx_word' id='word_1_315' title='bbox 723 1521 848 1558; x_wconf 67' lang='lat' dir='ltr'>majores</span> <span class='ocrx_word' id='word_1_316' title='bbox 861 1520 885 1548; x_wconf 88' lang='lat' dir='ltr'>ei</span> <span class='ocrx_word' id='word_1_317' title='bbox 900 1520 973 1547; x_wconf 80' lang='lat' dir='ltr'>vires</span> <span class='ocrx_word' id='word_1_318' title='bbox 991 1520 1020 1548; x_wconf 54' lang='grc' dir='ltr'>ἃ</span> <span class='ocrx_word' id='word_1_319' title='bbox 1039 1519 1130 1559; x_wconf 75' lang='lat' dir='ltr'>tnagis</span> <span class='ocrx_word' id='word_1_320' title='bbox 1143 1518 1287 1559; x_wconf 82' lang='lat' dir='ltr'>expeditas</span> <span class='ocrx_word' id='word_1_321' title='bbox 1303 1520 1454 1561; x_wconf 82' lang='lat' dir='ltr'>impertiet.</span> <span class='ocrx_word' id='word_1_322' title='bbox 1473 1522 1556 1551; x_wconf 86' lang='lat' dir='ltr'>Tum-</span> 
     </span>
     <span class='ocr_line' id='line_1_34' title="bbox 325 1559 1553 1606; baseline 0.003 -17"><span class='ocrx_word' id='word_1_323' title='bbox 325 1562 407 1591; x_wconf 78' lang='lat' dir='ltr'>lm=115</span> <span class='ocrx_word' id='word_1_324' title='bbox 427 1563 565 1592; x_wconf 70' lang='lat' dir='ltr'>machina:</span> <span class='ocrx_word' id='word_1_325' title='bbox 586 1560 720 1591; x_wconf 67' lang='lat' dir='ltr'>fabricam</span> <span class='ocrx_word' id='word_1_326' title='bbox 740 1572 802 1603; x_wconf 76' lang='lat' dir='ltr'>quae</span> <span class='ocrx_word' id='word_1_327' title='bbox 825 1572 883 1590; x_wconf 86' lang='lat' dir='ltr'>non</span> <span class='ocrx_word' id='word_1_328' title='bbox 906 1559 1060 1590; x_wconf 84' lang='lat' dir='ltr'>admodum</span> <span class='ocrx_word' id='word_1_329' title='bbox 1085 1562 1122 1591; x_wconf 82' lang='lat' dir='ltr'>cst</span> <span class='ocrx_word' id='word_1_330' title='bbox 1142 1560 1258 1603; x_wconf 61' lang='lat' dir='ltr'>operosa</span> <span class='ocrx_word' id='word_1_331' title='bbox 1271 1561 1447 1606; x_wconf 56' lang='lat' dir='ltr'>‚descripsm</span> <span class='ocrx_word' id='word_1_332' title='bbox 1469 1573 1553 1605; x_wconf 79' lang='lat' dir='ltr'>atque</span> 
     </span>
     <span class='ocr_line' id='line_1_35' title="bbox 325 1602 1324 1647; baseline 0.001 -13"><span class='ocrx_word' id='word_1_333' title='bbox 325 1603 400 1634; x_wconf 79' lang='lat' dir='ltr'>illius</span> <span class='ocrx_word' id='word_1_334' title='bbox 419 1616 499 1647; x_wconf 67' lang='lat' dir='ltr'>typus</span> <span class='ocrx_word' id='word_1_335' title='bbox 515 1608 542 1635; x_wconf 86' lang='lat' dir='ltr'>in</span> <span class='ocrx_word' id='word_1_336' title='bbox 567 1603 774 1635; x_wconf 71' lang='lat' dir='ltr'>Observatorio</span> <span class='ocrx_word' id='word_1_337' title='bbox 798 1615 861 1634; x_wconf 87' lang='lat' dir='ltr'>cum</span> <span class='ocrx_word' id='word_1_338' title='bbox 876 1602 936 1633; x_wconf 87' lang='lat' dir='ltr'>aliis</span> <span class='ocrx_word' id='word_1_339' title='bbox 959 1603 1031 1633; x_wconf 83' lang='lat' dir='ltr'>bene</span> <span class='ocrx_word' id='word_1_340' title='bbox 1048 1602 1142 1633; x_wconf 83' lang='lat' dir='ltr'>multis</span> <span class='ocrx_word' id='word_1_341' title='bbox 1162 1603 1324 1635; x_wconf 75' lang='lat' dir='ltr'>affervatut.</span> 
     </span>
    </p>

    <p class='ocr_par' dir='ltr' id='par_1_7' title="bbox 318 1645 1552 2163">
     <span class='ocr_line' id='line_1_36' title="bbox 384 1645 1552 1689; baseline 0.001 -13"><span class='ocrx_word' id='word_1_342' title='bbox 384 1651 500 1678; x_wconf 56' lang='lat' dir='ltr'>Ineunte</span> <span class='ocrx_word' id='word_1_343' title='bbox 528 1659 603 1677; x_wconf 80' lang='lat' dir='ltr'>auno</span> <span class='ocrx_word' id='word_1_344' title='bbox 627 1651 697 1679; x_wconf 76' lang='lat'>1686</span> <span class='ocrx_word' id='word_1_345' title='bbox 721 1647 761 1676; x_wconf 92' lang='lat' dir='ltr'>D.</span> <span class='ocrx_word' id='word_1_346' title='bbox 785 1645 907 1677; x_wconf 84' lang='lat' dir='ltr'>Blondcl</span> <span class='ocrx_word' id='word_1_347' title='bbox 930 1649 976 1689; x_wconf 86' lang='lat' dir='ltr'>qui</span> <span class='ocrx_word' id='word_1_348' title='bbox 1008 1646 1043 1676; x_wconf 83' lang='lat' dir='ltr'>ab</span> <span class='ocrx_word' id='word_1_349' title='bbox 1065 1658 1140 1676; x_wconf 79' lang='lat' dir='ltr'>anuo</span> <span class='ocrx_word' id='word_1_350' title='bbox 1165 1653 1239 1683; x_wconf 86' lang='lat'><em>¹669</em></span> <span class='ocrx_word' id='word_1_351' title='bbox 1266 1650 1339 1677; x_wconf 87' lang='lat' dir='ltr'>inter</span> <span class='ocrx_word' id='word_1_352' title='bbox 1366 1647 1552 1679; x_wconf 77' lang='lat' dir='ltr'>Academicos</span> 
     </span>
     <span class='ocr_line' id='line_1_37' title="bbox 323 1689 1552 1732; baseline 0.002 -13"><span class='ocrx_word' id='word_1_353' title='bbox 323 1689 450 1720; x_wconf 48' lang='lat' dir='ltr'>:Alteras</span> <span class='ocrx_word' id='word_1_354' title='bbox 474 1691 563 1720; x_wconf 79' lang='lat' dir='ltr'>fuerat</span> <span class='ocrx_word' id='word_1_355' title='bbox 583 1713 591 1725; x_wconf 93' lang='lat'>‚</span> <span class='ocrx_word' id='word_1_356' title='bbox 614 1694 719 1732; x_wconf 83' lang='lat' dir='ltr'>quique</span> <span class='ocrx_word' id='word_1_357' title='bbox 742 1689 839 1720; x_wconf 88' lang='lat' dir='ltr'>multis</span> <span class='ocrx_word' id='word_1_358' title='bbox 870 1700 934 1719; x_wconf 78' lang='lat' dir='ltr'>ante</span> <span class='ocrx_word' id='word_1_359' title='bbox 957 1692 1036 1720; x_wconf 87' lang='lat' dir='ltr'>annis</span> <span class='ocrx_word' id='word_1_360' title='bbox 1080 1691 1187 1730; x_wconf 78' lang='lat' dir='ltr'>Regius</span> <span class='ocrx_word' id='word_1_361' title='bbox 1208 1701 1267 1721; x_wconf 80' lang='lat' dir='ltr'>erat</span> <span class='ocrx_word' id='word_1_362' title='bbox 1293 1689 1454 1720; x_wconf 81' lang='lat' dir='ltr'>Matheseos</span> <span class='ocrx_word' id='word_1_363' title='bbox 1481 1690 1552 1721; x_wconf 86' lang='lat' dir='ltr'>Pro-</span> 
     </span>
     <span class='ocr_line' id='line_1_38' title="bbox 325 1731 1552 1776; baseline 0.002 -15"><span class='ocrx_word' id='word_1_364' title='bbox 325 1732 406 1763; x_wconf 67' lang='lat' dir='ltr'>fellor</span> <span class='ocrx_word' id='word_1_365' title='bbox 424 1759 431 1771; x_wconf 89' lang='lat'>‚</span> <span class='ocrx_word' id='word_1_366' title='bbox 453 1745 484 1763; x_wconf 80' lang='lat' dir='ltr'>ex</span> <span class='ocrx_word' id='word_1_367' title='bbox 503 1734 552 1764; x_wconf 78' lang='lat' dir='ltr'>luc</span> <span class='ocrx_word' id='word_1_368' title='bbox 573 1736 628 1763; x_wconf 77' lang='lat' dir='ltr'>vita</span> <span class='ocrx_word' id='word_1_369' title='bbox 644 1731 758 1763; x_wconf 80' lang='lat' dir='ltr'>decessit</span> <span class='ocrx_word' id='word_1_370' title='bbox 781 1744 852 1775; x_wconf 82' lang='lat' dir='ltr'>pene</span> <span class='ocrx_word' id='word_1_371' title='bbox 867 1732 1104 1775; x_wconf 82' lang='lat' dir='ltr'>septuagenarius.</span> <span class='ocrx_word' id='word_1_372' title='bbox 1129 1735 1182 1763; x_wconf 86' lang='lat' dir='ltr'>Vir</span> <span class='ocrx_word' id='word_1_373' title='bbox 1207 1744 1265 1763; x_wconf 80' lang='lat' dir='ltr'>erat</span> <span class='ocrx_word' id='word_1_374' title='bbox 1279 1732 1350 1763; x_wconf 77' lang='lat' dir='ltr'>belli</span> <span class='ocrx_word' id='word_1_375' title='bbox 1364 1736 1393 1763; x_wconf 72' lang='grc' dir='ltr'>δ(</span> <span class='ocrx_word' id='word_1_376' title='bbox 1413 1735 1487 1776; x_wconf 85' lang='lat' dir='ltr'>pacis</span> <span class='ocrx_word' id='word_1_377' title='bbox 1507 1745 1552 1764; x_wconf 83' lang='lat' dir='ltr'>ar·</span> 
     </span>
     <span class='ocr_line' id='line_1_39' title="bbox 324 1774 1552 1818; baseline -0.001 -12"><span class='ocrx_word' id='word_1_378' title='bbox 324 1776 397 1806; x_wconf 83' lang='lat' dir='ltr'>tibus</span> <span class='ocrx_word' id='word_1_379' title='bbox 414 1780 540 1818; x_wconf 77' lang='lat' dir='ltr'>apprime</span> <span class='ocrx_word' id='word_1_380' title='bbox 556 1776 656 1807; x_wconf 74' lang='lat' dir='ltr'>doc‘rus</span> <span class='ocrx_word' id='word_1_381' title='bbox 672 1798 680 1810; x_wconf 87' lang='lat'>,</span> <span class='ocrx_word' id='word_1_382' title='bbox 705 1778 812 1806; x_wconf 67' lang='lat' dir='ltr'>Latinae</span> <span class='ocrx_word' id='word_1_383' title='bbox 832 1779 860 1806; x_wconf 89' lang='lat'>&amp;</span> <span class='ocrx_word' id='word_1_384' title='bbox 884 1778 990 1806; x_wconf 76' lang='lat' dir='ltr'>Gtaecae</span> <span class='ocrx_word' id='word_1_385' title='bbox 1005 1774 1108 1818; x_wconf 75' lang='lat' dir='ltr'>lingua:</span> <span class='ocrx_word' id='word_1_386' title='bbox 1127 1778 1199 1806; x_wconf 86' lang='lat' dir='ltr'>inter</span> <span class='ocrx_word' id='word_1_387' title='bbox 1220 1786 1323 1818; x_wconf 86' lang='lat' dir='ltr'>paucos</span> <span class='ocrx_word' id='word_1_388' title='bbox 1341 1778 1457 1817; x_wconf 84' lang='lat' dir='ltr'>peritus.</span> <span class='ocrx_word' id='word_1_389' title='bbox 1484 1777 1552 1806; x_wconf 77' lang='grc' dir='ltr'>Ηιι-</span> 
     </span>
     <span class='ocr_line' id='line_1_40' title="bbox 324 1817 1551 1854; baseline 0 -5"><span class='ocrx_word' id='word_1_390' title='bbox 324 1823 467 1849; x_wconf 82' lang='lat' dir='ltr'>maniores</span> <span class='ocrx_word' id='word_1_391' title='bbox 487 1820 590 1850; x_wconf 78' lang='lat' dir='ltr'>litteras</span> <span class='ocrx_word' id='word_1_392' title='bbox 609 1817 645 1849; x_wconf 81' lang='lat' dir='ltr'>sie</span> <span class='ocrx_word' id='word_1_393' title='bbox 664 1819 698 1849; x_wconf 83' lang='lat' dir='ltr'>ab</span> <span class='ocrx_word' id='word_1_394' title='bbox 718 1818 906 1849; x_wconf 87' lang='lat' dir='ltr'>adolescentia</span> <span class='ocrx_word' id='word_1_395' title='bbox 928 1818 1051 1850; x_wconf 83' lang='lat' dir='ltr'>coluerat</span> <span class='ocrx_word' id='word_1_396' title='bbox 1068 1841 1076 1854; x_wconf 92' lang='lat'>‚</span> <span class='ocrx_word' id='word_1_397' title='bbox 1100 1829 1128 1849; x_wconf 91' lang='lat' dir='ltr'>ut</span> <span class='ocrx_word' id='word_1_398' title='bbox 1146 1821 1175 1848; x_wconf 79' lang='lat' dir='ltr'>iu</span> <span class='ocrx_word' id='word_1_399' title='bbox 1199 1818 1321 1848; x_wconf 82' lang='lat' dir='ltr'>studium</span> <span class='ocrx_word' id='word_1_400' title='bbox 1339 1819 1551 1850; x_wconf 81' lang='lat' dir='ltr'>Mathematum</span> 
     </span>
     <span class='ocr_line' id='line_1_41' title="bbox 319 1859 1552 1904; baseline 0 -12"><span class='ocrx_word' id='word_1_401' title='bbox 319 1861 499 1903; x_wconf 77' lang='lat' dir='ltr'>potissimum</span> <span class='ocrx_word' id='word_1_402' title='bbox 524 1861 706 1892; x_wconf 70' lang='lat' dir='ltr'>incumbsrct.</span> <span class='ocrx_word' id='word_1_403' title='bbox 741 1865 773 1892; x_wconf 83' lang='lat' dir='ltr'>ln</span> <span class='ocrx_word' id='word_1_404' title='bbox 800 1861 904 1903; x_wconf 82' lang='lat' dir='ltr'>quibus</span> <span class='ocrx_word' id='word_1_405' title='bbox 928 1872 1019 1892; x_wconf 80' lang='lat' dir='ltr'>tantos</span> <span class='ocrx_word' id='word_1_406' title='bbox 1041 1860 1106 1892; x_wconf 85' lang='lat' dir='ltr'>fecit</span> <span class='ocrx_word' id='word_1_407' title='bbox 1125 1859 1284 1904; x_wconf 64' lang='lat' dir='ltr'>progressus</span> <span class='ocrx_word' id='word_1_408' title='bbox 1305 1871 1336 1891; x_wconf 89' lang='lat' dir='ltr'>ut</span> <span class='ocrx_word' id='word_1_409' title='bbox 1359 1861 1374 1891; x_wconf 82' lang='grc' dir='ltr'>Ξι</span> <span class='ocrx_word' id='word_1_410' title='bbox 1400 1861 1552 1892; x_wconf 88' lang='lat' dir='ltr'>Ludovico</span> 
     </span>
     <span class='ocr_line' id='line_1_42' title="bbox 325 1903 1552 1948; baseline 0 -13"><span class='ocrx_word' id='word_1_411' title='bbox 325 1907 437 1947; x_wconf 69' lang='lat' dir='ltr'>Magno</span> <span class='ocrx_word' id='word_1_412' title='bbox 458 1904 573 1935; x_wconf 57' lang='lat' dir='ltr'>selectus</span> <span class='ocrx_word' id='word_1_413' title='bbox 593 1904 676 1934; x_wconf 86' lang='lat' dir='ltr'>fucrit</span> <span class='ocrx_word' id='word_1_414' title='bbox 702 1908 751 1946; x_wconf 89' lang='lat' dir='ltr'>qui</span> <span class='ocrx_word' id='word_1_415' title='bbox 772 1903 986 1936; x_wconf 80' lang='lat' dir='ltr'>Sereniilimum</span> <span class='ocrx_word' id='word_1_416' title='bbox 1006 1906 1129 1935; x_wconf 73' lang='lat' dir='ltr'>Franciae</span> <span class='ocrx_word' id='word_1_417' title='bbox 1153 1904 1335 1946; x_wconf 74' lang='lat' dir='ltr'>Delphinum</span> <span class='ocrx_word' id='word_1_418' title='bbox 1360 1916 1405 1934; x_wconf 80' lang='lat' dir='ltr'>eas</span> <span class='ocrx_word' id='word_1_419' title='bbox 1424 1904 1552 1948; x_wconf 75' lang='lat' dir='ltr'>discipli-</span> 
     </span>
     <span class='ocr_line' id='line_1_43' title="bbox 323 1946 1551 1989; baseline -0.001 -11"><span class='ocrx_word' id='word_1_420' title='bbox 323 1959 372 1979; x_wconf 80' lang='lat' dir='ltr'>nas</span> <span class='ocrx_word' id='word_1_421' title='bbox 387 1948 527 1978; x_wconf 85' lang='lat' dir='ltr'>edoceret.</span> <span class='ocrx_word' id='word_1_422' title='bbox 563 1946 596 1976; x_wconf 87' lang='lat' dir='ltr'>Id</span> <span class='ocrx_word' id='word_1_423' title='bbox 620 1947 738 1988; x_wconf 84' lang='lat' dir='ltr'>quidem</span> <span class='ocrx_word' id='word_1_424' title='bbox 759 1951 788 1977; x_wconf 88' lang='lat' dir='ltr'>in</span> <span class='ocrx_word' id='word_1_425' title='bbox 810 1959 844 1977; x_wconf 94' lang='lat' dir='ltr'>eo</span> <span class='ocrx_word' id='word_1_426' title='bbox 867 1947 921 1978; x_wconf 81' lang='lat' dir='ltr'>fuit</span> <span class='ocrx_word' id='word_1_427' title='bbox 940 1947 1078 1989; x_wconf 81' lang='lat' dir='ltr'>singulare</span> <span class='ocrx_word' id='word_1_428' title='bbox 1098 1957 1127 1977; x_wconf 92' lang='lat' dir='ltr'>ut</span> <span class='ocrx_word' id='word_1_429' title='bbox 1151 1949 1222 1977; x_wconf 85' lang='lat' dir='ltr'>inter</span> <span class='ocrx_word' id='word_1_430' title='bbox 1242 1958 1321 1978; x_wconf 75' lang='lat' dir='ltr'>aima</span> <span class='ocrx_word' id='word_1_431' title='bbox 1339 1970 1349 1983; x_wconf 95' lang='lat'>,</span> <span class='ocrx_word' id='word_1_432' title='bbox 1377 1952 1408 1979; x_wconf 69' lang='grc' dir='ltr'>δε</span> <span class='ocrx_word' id='word_1_433' title='bbox 1434 1947 1551 1979; x_wconf 82' lang='lat' dir='ltr'>bellicos</span> 
     </span>
     <span class='ocr_line' id='line_1_44' title="bbox 323 1989 1549 2034; baseline -0.001 -12"><span class='ocrx_word' id='word_1_434' title='bbox 323 1990 460 2022; x_wconf 81' lang='lat' dir='ltr'>tumultus</span> <span class='ocrx_word' id='word_1_435' title='bbox 481 1995 539 2033; x_wconf 68' lang='lat' dir='ltr'>jam</span> <span class='ocrx_word' id='word_1_436' title='bbox 561 1989 575 2019; x_wconf 71' lang='grc' dir='ltr'><em>ἆ</em></span> <span class='ocrx_word' id='word_1_437' title='bbox 598 1990 690 2032; x_wconf 67' lang='lat' dir='ltr'>prima</span> <span class='ocrx_word' id='word_1_438' title='bbox 718 2001 797 2021; x_wconf 72' lang='lat' dir='ltr'>attare</span> <span class='ocrx_word' id='word_1_439' title='bbox 821 1989 971 2020; x_wconf 79' lang='lat' dir='ltr'>educatum</span> <span class='ocrx_word' id='word_1_440' title='bbox 999 1989 1071 2021; x_wconf 83' lang='lat' dir='ltr'>nihil</span> <span class='ocrx_word' id='word_1_441' title='bbox 1093 1990 1108 2019; x_wconf 73' lang='lat' dir='ltr'>a</span> <span class='ocrx_word' id='word_1_442' title='bbox 1134 1990 1225 2020; x_wconf 89' lang='lat' dir='ltr'>studio</span> <span class='ocrx_word' id='word_1_443' title='bbox 1250 1990 1406 2022; x_wconf 80' lang='lat' dir='ltr'>litterarum</span> <span class='ocrx_word' id='word_1_444' title='bbox 1427 1994 1549 2034; x_wconf 85' lang='lat' dir='ltr'>potuerit</span> 
     </span>
     <span class='ocr_line' id='line_1_45' title="bbox 320 2033 1549 2084; baseline 0.001 -21"><span class='ocrx_word' id='word_1_445' title='bbox 320 2033 468 2064; x_wconf 79' lang='lat' dir='ltr'>divellere.</span> <span class='ocrx_word' id='word_1_446' title='bbox 504 2036 582 2066; x_wconf 85' lang='lat' dir='ltr'>Nam</span> <span class='ocrx_word' id='word_1_447' title='bbox 607 2038 637 2064; x_wconf 61' lang='grc' dir='ltr'>ἃ</span> <span class='ocrx_word' id='word_1_448' title='bbox 663 2035 758 2075; x_wconf 77' lang='lat' dir='ltr'>copias</span> <span class='ocrx_word' id='word_1_449' title='bbox 778 2033 859 2064; x_wconf 85' lang='lat' dir='ltr'>duxit</span> <span class='ocrx_word' id='word_1_450' title='bbox 877 2055 885 2068; x_wconf 93' lang='lat'><strong><em>,</em></strong></span> <span class='ocrx_word' id='word_1_451' title='bbox 908 2038 937 2063; x_wconf 76' lang='grc' dir='ltr'>ὃῑ</span> <span class='ocrx_word' id='word_1_452' title='bbox 954 2035 1094 2084; x_wconf 71' lang='lat' dir='ltr'>Europam</span> <span class='ocrx_word' id='word_1_453' title='bbox 1119 2044 1189 2075; x_wconf 86' lang='lat' dir='ltr'>pcnc</span> <span class='ocrx_word' id='word_1_454' title='bbox 1210 2044 1298 2063; x_wconf 72' lang='lat' dir='ltr'>totam</span> <span class='ocrx_word' id='word_1_455' title='bbox 1323 2036 1499 2076; x_wconf 74' lang='lat' dir='ltr'>peragravit,</span> <span class='ocrx_word' id='word_1_456' title='bbox 1519 2037 1549 2064; x_wconf 86' lang='lat'>&amp;</span> 
     </span>
     <span class='ocr_line' id='line_1_46' title="bbox 321 2075 1549 2120; baseline -0.001 -14"><span class='ocrx_word' id='word_1_457' title='bbox 321 2077 431 2118; x_wconf 75' lang='lat' dir='ltr'>publica</span> <span class='ocrx_word' id='word_1_458' title='bbox 453 2079 583 2107; x_wconf 62' lang='lat' dir='ltr'>trachvit</span> <span class='ocrx_word' id='word_1_459' title='bbox 601 2081 714 2120; x_wconf 47' lang='lat' dir='ltr'>nqxoria</span> <span class='ocrx_word' id='word_1_460' title='bbox 729 2076 823 2107; x_wconf 64' lang='lat' dir='ltr'>miffits</span> <span class='ocrx_word' id='word_1_461' title='bbox 840 2075 1008 2106; x_wconf 81' lang='lat' dir='ltr'>idemtidem</span> <span class='ocrx_word' id='word_1_462' title='bbox 1032 2088 1047 2106; x_wconf 82' lang='lat' dir='ltr'>a</span> <span class='ocrx_word' id='word_1_463' title='bbox 1069 2077 1149 2118; x_wconf 67' lang='lat' dir='ltr'>Rege</span> <span class='ocrx_word' id='word_1_464' title='bbox 1164 2076 1406 2108; x_wconf 80' lang='lat' dir='ltr'>Christianissimo</span> <span class='ocrx_word' id='word_1_465' title='bbox 1418 2076 1451 2106; x_wconf 81' lang='lat' dir='ltr'>:td</span> <span class='ocrx_word' id='word_1_466' title='bbox 1467 2077 1549 2106; x_wconf 85' lang='lat' dir='ltr'>Prin-</span> 
     </span>
     <span class='ocr_line' id='line_1_47' title="bbox 318 2119 1548 2163; baseline 0.001 -14"><span class='ocrx_word' id='word_1_467' title='bbox 318 2131 395 2163; x_wconf 65' lang='lat' dir='ltr'>cipes</span> <span class='ocrx_word' id='word_1_468' title='bbox 419 2122 580 2151; x_wconf 70' lang='lat' dir='ltr'>Germania·</span> <span class='ocrx_word' id='word_1_469' title='bbox 605 2131 612 2154; x_wconf 86' lang='lat'>·,</span> <span class='ocrx_word' id='word_1_470' title='bbox 644 2124 673 2151; x_wconf 91' lang='lat' dir='ltr'>in</span> <span class='ocrx_word' id='word_1_471' title='bbox 703 2119 783 2152; x_wconf 75' lang='lat' dir='ltr'>rebus</span> <span class='ocrx_word' id='word_1_472' title='bbox 810 2119 925 2162; x_wconf 72' lang='lat' dir='ltr'>agendis</span> <span class='ocrx_word' id='word_1_473' title='bbox 948 2123 977 2151; x_wconf 60' lang='lat' dir='ltr'>Ex·</span> <span class='ocrx_word' id='word_1_474' title='bbox 998 2123 1029 2150; x_wconf 83' lang='lat' dir='ltr'>in</span> <span class='ocrx_word' id='word_1_475' title='bbox 1054 2122 1228 2163; x_wconf 62' lang='lat' dir='ltr'>optimarum</span> <span class='ocrx_word' id='word_1_476' title='bbox 1254 2123 1356 2151; x_wconf 83' lang='lat' dir='ltr'>artium</span> <span class='ocrx_word' id='word_1_477' title='bbox 1382 2122 1548 2161; x_wconf 74' lang='lat' dir='ltr'>cognitione</span> 
     </span>
    </p>

    <p class='ocr_par' dir='ltr' id='par_1_8' title="bbox 1445 2162 1550 2206">
     <span class='ocr_line' id='line_1_48' title="bbox 1445 2162 1550 2206; baseline -0.019 -13"><span class='ocrx_word' id='word_1_478' title='bbox 1445 2162 1550 2206; x_wconf 65' lang='lat' dir='ltr'>dispari</span> 
     </span>
    </p>
   </div>
  </div>
 </body>
</html>
