1638 2345
244 107 534 143 ACADEMIAE
570 110 869 144 HISTORIA.
903 112 993 144 Lm.
1035 116 1094 144 lV.
1246 126 1294 155 29.

68 150 158 197 gradu
170 175 179 190 ‚
193 164 227 185 22
246 158 317 187 min.
329 167 365 199 45
389 156 442 186 sec.
459 157 659 187 Geminorum.
684 158 830 199 roirca
846 155 937 189 nodus
955 156 1127 188 descendens
1143 168 1204 188 tum
1218 169 1296 189 exta·
1317 161 1368 185 ⁸17.w

70 200 118 229 bar
138 201 167 229 in
182 209 225 241 gr.
246 209 279 239 13
302 200 471 242 Sagittarii,
492 209 525 228 22
548 201 619 232 min.
637 211 672 240 45
693 201 744 233 sec.
772 202 812 230 Ex
829 200 1026 232 observatione
1053 202 1094 230 D.
1107 202 1152 231 De
1173 202 1199 232 la
1224 204 1297 232 Hire
1314 211 1390 231 πίεν.

69 241 131 284 post
149 255 180 283 5²
201 251 314 278 annos,
336 253 438 285 nempe
456 252 532 272 anno
555 248 624 282 1691
647 243 742 274 mense
763 243 953 280 Novembri,
979 244 1056 275 idem
1068 244 1160 275 nodus
1184 244 1296 275 descen-

69 285 140 315 dens
159 296 217 316 erat
238 288 267 315 in
281 297 325 328 gr.
347 297 376 327 13
394 308 403 321 ,
425 297 456 326 19
478 289 549 317 min.
569 297 610 323 40
634 285 686 318 sec.
709 288 863 329 Sagittarii.
897 287 987 329 Qod
1010 287 1028 318 fi
1051 287 1143 318 nodus
1165 287 1212 318 ille
1227 285 1298 317 fixus

69 339 128 357 non
149 326 215 359 esset
235 351 245 363 ‚
270 328 316 359 sed
335 328 451 361 mobilis
466 351 476 364 ,
503 328 592 372 spatio
617 342 648 371 52
669 341 810 362 annorum
834 331 1013 373 retrogradus
1035 329 1127 361 fuisset
1141 342 1152 369 3
1167 335 1235 362 min.
1254 343 1291 372 41

68 372 122 402 sec.
141 382 206 401 cum
222 375 299 412 juxta
323 372 441 416 chleri
459 371 566 403 tabulas
585 384 733 416 promotus
754 374 806 404 effe
829 373 966 405 debuiffet
989 378 1065 415 juxta
1084 373 1232 416 signorum
1250 386 1297 404 ot-

66 413 165 444 dinem
183 427 226 455 40
246 417 317 447 min.
335 426 377 454 40
395 415 447 448 sec,
468 427 551 460 atque
572 416 649 448 illius
665 417 745 448 locus
766 420 795 447 in
812 416 915 448 tabulis
937 417 1087 460 assignatur
1107 420 1134 446 in
1157 418 1236 459 grad.
1252 428 1297 457 ¹4>

70 469 80 486 1
94 469 104 487 1
132 461 202 488 min.
231 471 260 500 53
279 457 330 489 sec.
352 461 493 503 Sagittarii
514 473 520 491 :
546 459 616 491 adeo
632 471 663 491 ut
686 459 836 492 vetifimile
857 459 965 491 sitcum
980 461 1088 492 nodum
1113 459 1166 490 csse
1191 464 1297 492 immo-

66 498 154 531 bilem
182 514 188 532 ε
212 513 277 532 nam
291 503 458 544 quantulum
474 502 542 533 idest
559 503 733 535 discriminis
748 507 821 534 inter
836 503 1048 537 observationes
1062 506 1101 535 D.
1119 504 1165 533 De
1185 504 1209 533 la
1225 507 1297 535 Hire

68 544 100 573 &
118 545 276 582 Hotoccii,
298 557 330 576 ex
350 545 411 578 aliis
431 545 497 576 duci
517 547 607 587 potest
626 546 720 578 caufis.

470 678 774 718 CAPUT
838 680 916 719 lv.

420 772 467 801 De
488 767 662 802 Geometria
683 765 721 806 ό·
744 764 941 805 Mechanica‚

67 851 91 882 1.
124 852 207 930 N
222 851 274 882 On
296 853 402 882 minori
424 852 517 883 studio
538 851 654 884 excultae
675 850 737 884 sunt
761 853 804 883 hae
826 856 954 896 puriores
982 854 1195 885 Mathematica’
1216 855 1301 886 disci-

223 894 307 938 plinae
339 895 465 937 Algebra
485 899 512 926 ὃ(
534 897 701 926 Geometria
725 910 732 927 z
763 908 880 939 quaeque
901 901 1056 939 excogitata
1079 898 1139 928 fiinr
1164 901 1302 941 pra-ripun.

66 939 211 980 Utriusque
233 938 406 968 theoremata
430 941 460 969 &
480 938 655 981 problemata
679 940 761 970 Actis
781 939 903 981 publicis
923 939 983 969 sunt
1008 940 1116 970 inserta.
1146 943 1239 977 Huius
1254 953 1303 982 gc-

68 985 144 1011 neris
164 983 224 1013 sunt
241 992 323 1011 novae
347 981 449 1023 regulae
463 981 512 1012 usu
535 985 564 1012 &
587 981 737 1012 intellectu
751 981 911 1017 faciliores,
936 993 1006 1024 quas
1025 983 1064 1013 D.
1080 982 1170 1014 Rolle
1194 995 1303 1027 propo-

68 1022 141 1059 suit,
165 1036 194 1055 ut
217 1024 323 1055 radices
352 1025 493 1055 cuborum
513 1026 722 1055 irrationalium
745 1025 763 1056 ὲ
783 1027 857 1055 veris
872 1028 965 1055 minus
981 1028 1088 1056 unitate
1107 1025 1208 1058 absint.
1244 1030 1299 1057 Hze

67 1065 230 1098 summatim
254 1068 404 1110 perstricta:
424 1071 453 1098 in
474 1070 553 1098 Actis
567 1067 667 1098 mensis
681 1067 810 1111 Januarii
831 1080 858 1110 p.
872 1075 902 1099 16
923 1079 1113 1100 continentur.

115 1110 215 1141 Altera
236 1112 271 1142 ab
294 1123 328 1141 eo
341 1110 425 1154 paulo
444 1110 555 1142 uberius
571 1111 623 1142 fuit
638 1110 761 1154 exposita
779 1110 876 1152 regula
888 1137 896 1146 ‚
913 1123 967 1154 qua
988 1111 1188 1155 cujuscumque
1200 1113 1303 1155 gradus

68 1156 243 1194 aequationes
265 1157 292 1184 in
313 1157 437 1198 primurn
455 1154 574 1197 gradum
594 1155 782 1187 relolvuntur.
803 1156 846 1184 Ac
860 1158 936 1198 prius
949 1164 1010 1185 eam
1025 1156 1194 1186 methodum
1214 1158 1303 1187 tradi-

67 1196 110 1226 dit
123 1208 177 1239 qua
195 1200 368 1238 aequationcs
386 1201 516 1228 omnium
534 1198 672 1240 graduum
686 1202 735 1241 qui
747 1197 949 1229 communibus
964 1198 1082 1229 vocibus
1096 1199 1156 1230 sunt
1172 1198 1302 1242 exprcffi‚

66 1238 247 1271 resolvuntur
269 1241 336 1271 Αὸὶ.
361 1252 385 1282 ¹5
410 1242 508 1271 Martii
528 1252 552 1283 p.
571 1255 608 1282 53.

113 1285 125 1313 1
141 1286 164 1313 1.
203 1284 260 1314 Dic
287 1296 320 1322 19
340 1285 467 1326 jainai-ii
487 1285 525 1313 Dr
544 1287 693 1326 V.·rign011
712 1283 919 1315 demonstravit
937 1285 967 1314 in
986 1287 1088 1325 quovis
1101 1284 1303 1328 parallelogra-

67 1337 116 1356 mo
135 1348 144 1361 ‚
169 1326 187 1357 fi
211 1326 296 1358 latera
315 1327 479 1358 div¹dantur
498 1339 527 1357 in
548 1338 639 1368 partes
667 1338 861 1370 quotcumque
884 1328 1113 1369 proportionales
1130 1351 1138 1363 ‚
1157 1332 1301 1360 rationum

67 1381 97 1399 ut
116 1369 239 1400 volueris
258 1370 432 1400 diversarum
448 1393 456 1404 ,
482 1369 624 1412 parallelis
643 1370 677 1399 ad
699 1370 783 1401 latera
806 1371 899 1401 duffis
919 1381 968 1413 per
985 1369 1090 1412 singula
1106 1373 1208 1414 puncta
1224 1372 1301 1402 divi-

66 1411 178 1443 fios-um
205 1435 214 1448 ‚
240 1412 354 1443 cellulas
378 1413 503 1451 twisden]
519 1412 640 1454 cujusvis
656 1413 766 1443 ordinis
782 1417 864 1444 etiam
879 1411 940 1442 fore
954 1414 1190 1455 proportionales.

113 1458 182 1489 111.
222 1457 341 1487 Novam
358 1455 526 1486 muhodum
547 1455 763 1486 dimonstraudi
785 1459 924 1487 rationem
945 1458 1066 1498 Spliaetx
1090 1456 1245 1499 supetfici‹-i
1263 1458 1300 1489 ad

67 1498 248 1542 superficiem
271 1502 387 1530 maximi
406 1498 504 1529 circuli
526 1502 555 1530 &
572 1499 607 1529 ad
627 1498 802 1541 superficiem
816 1498 951 1539 Cylindri
966 1521 975 1534 ‚
1000 1502 1079 1539 cujus
1092 1498 1162 1529 basis
1176 1501 1212 1531 est
1225 1501 1301 1532 idem

68 1543 189 1574 circulus
206 1569 214 1580 ,
237 1542 362 1574 altitudo
383 1543 504 1585 Spliaerae
522 1542 659 1573 sliametcr
674 1565 682 1577 ,
705 1554 770 1573 cum
789 1541 959 1585 quadratura
980 1546 1079 1583 unguis
1094 1542 1257 1583 Cylindtici
1270 1549 1302 1577 &

70 1585 179 1616 sinuum
195 1585 284 1626 figura
300 1585 428 1629 exposuit
451 1587 491 1616 D.
506 1587 552 1616 De
566 1585 592 1616 la
607 1587 679 1616 Hire
697 1588 725 1615 in
749 1588 831 1617 Ae'iis
854 1584 956 1615 meniis
981 1587 1050 1615 Maii
1073 1598 1099 1628 p.
1115 1598 1158 1625 9¹-

103 1632 166 1662 IV.
202 1631 242 1660 D.
262 1633 412 1672 Varignon
433 1639 564 1660 motuum
582 1628 690 1670 regulas
704 1651 713 1664 ‚
733 1640 794 1671 qum
811 1629 826 1659 a
843 1628 964 1659 Galilato
985 1632 1015 1659 ὅ(
1040 1627 1101 1659 aliis
1127 1633 1222 1673 magni
1245 1642 1300 1661 no-

69 1676 155 1704 minis
169 1674 383 1704 Mathematicis
393 1672 454 1703 fuse
467 1673 528 1703 sunt
543 1670 687 1714 explicata·
702 1695 710 1706 ‚
730 1684 804 1703 nova
819 1672 957 1703 methodo
970 1683 1057 1714 eaque
1068 1672 1301 1705 universalissima

68 1717 271 1748 demonstravit
286 1739 296 1752 ,
321 1720 430 1758 quaein
450 1716 522 1747 Aeta
541 1728 557 1746 2
583 1715 755 1746 Decembris
780 1729 807 1759 p.
824 1728 872 1748 110
893 1714 1002 1746 collatae
1026 1715 1087 1746 sunt
1104 1741 1113 1755 ,
1137 1719 1168 1747 «Sc
1196 1729 1301 1760 magna

68 1758 209 1790 brevitate
234 1759 454 1803 comprehensae.

127 1802 236 1834 Eodem
259 1806 288 1833 in
309 1803 375 1834 loco
403 1802 510 1845 irfignc
531 1804 703 1834 Geometriae
726 1803 855 1843 prasticae
882 1801 1030 1844 problema
1052 1801 1067 1831 a
1092 1804 1134 1834 D.
1157 1804 1301 1835 Pothenot

69 1846 278 1877 demonstratur
291 1869 299 1881 ‚
311 1859 369 1890 quo
385 1845 487 1891 positio
502 1846 617 1889 lociqui
633 1846 682 1876 sub
700 1846 842 1889 aspectum
856 1857 914 1876 non
931 1848 1009 1875 venit
1025 1867 1032 1879 ,
1048 1857 1080 1875 ex
1096 1848 1128 1877 iis
1144 1849 1254 1889 punctis
1273 1849 1301 1876 in

70 1889 174 1931 quibus
190 1888 222 1920 fit
240 1889 402 1922 observatio
414 1912 425 1926 ,
443 1888 624 1932 defiguntur:
646 1889 729 1920 aliam
750 1889 907 1920 altitudinis
918 1887 1060 1919 inaccell‘ae
1071 1889 1250 1920 dimetienda
1261 1902 1304 1920 ra-

71 1936 181 1964 tionem
198 1933 340 1976 exposuit.

115 1979 153 2007 V.
191 1976 285 2007 Multa
310 1988 444 2021 praetereo
468 1986 530 2019 qum
557 1976 604 2008 suo
634 1987 752 2018 qumque
772 1987 901 2018 tempore
922 1974 1079 2018 prodibunt
1107 1987 1114 2004 t
1143 1973 1303 2014 cujusmodi

72 2021 109 2051 est
130 2032 161 2050 ea
185 2019 379 2061 parabolarum
400 2024 495 2050 omnis
514 2024 624 2063 generis
647 2020 816 2064 quadratura
838 2018 853 2048 τὶ
877 2019 920 2049 D.
936 2022 1085 2061 Vatignon
1104 2017 1244 2059 proposita
1270 2020 1300 2047 Κ

72 2063 259 2094 demonstrata
283 2063 327 2094 die
352 2075 381 2103 19
405 2063 557 2098 Fabiuarii.

121 2105 178 2137 Sub
209 2106 286 2139 idem
319 2118 429 2151 tempus
458 2108 499 2138 D.
526 2107 671 2139 d'Alcsme
700 2106 834 2138 elatercm
859 2104 988 2137 exhibuit
1012 2114 1302 2178 (giem-'tormentum

1057 2159 1075 2177 o
1100 2159 1120 2189 ¹}
