1638 2345
224 170 313 199 Axii.

227 217 317 253 1695.

338 124 393 161 ³4³
636 119 820 153 rii-:orie
863 112 1258 150 SC1ENT1ARUM

381 177 402 207 5.
426 166 504 196 Cum
523 163 726 205 vegetabilium
741 186 750 199 ‚
769 173 816 192 aut
832 161 1000 193 animalium
1021 160 1089 192 sales
1103 159 1176 191 acidi
1195 159 1348 193 debiliores
1363 161 1425 194 sunt
1441 165 1451 198 3
1476 160 1565 206 quini

338 217 368 240 ut
391 208 536 252 propofito
553 199 605 238 fini
624 207 742 238 serviant
755 227 765 240 ,
785 204 929 237 interdurn
955 216 1021 237 cum
1041 203 1143 235 salibus
1165 204 1252 235 acidis
1275 201 1412 237 foffilium
1440 217 1564 246 conjun-

337 263 454 295 guntur.
479 253 528 283 Sic
549 262 649 294 parum
674 249 814 293 sulphuris
863 248 945 281 lamis
966 246 1106 283 incensis,
1128 258 1159 277 ut
1178 246 1264 279 salex
1285 250 1318 279 iis
1337 250 1462 280 eliciatur
1478 271 1487 283 ‚
1515 249 1567 280 ad-

337 296 451 326 mistum
475 295 565 326 obstat
590 297 744 334 quominus
758 291 797 322 sal
821 261 926 336 pfamae
945 290 1071 324 volatilis
1090 289 1257 334 dissipetur,
1280 294 1351 335 quin
1374 295 1404 323 &
1418 291 1503 323 salem
1513 303 1567 323 ex..

335 340 458 369 trastum
476 349 568 368 tuctur
577 336 612 367 ab
621 340 694 368 aeris
710 335 889 367 humiditate.

368 389 396 413 6.
424 379 576 412 Nonnulla
596 379 706 423 profert
728 378 860 423 exempla
876 378 974 410 salium
994 378 1142 410 acidorum
1156 402 1164 414 ,
1186 390 1248 420 qum
1263 380 1278 410 ὲ
1295 376 1434 409 fossilibus
1451 382 1568 412 extrasti

330 423 520 455 concrescunt
533 446 543 459 ,
565 422 616 454 ubi
640 426 669 453 in
691 422 775 453 aliam
790 425 937 454 incurrunt
953 423 1131 454 substantiam
1155 422 1205 453 sibi
1225 434 1365 465 aptatam:
1388 433 1477 452 unum
1491 426 1567 454 enim

332 471 365 498 &
392 466 468 497 idem
489 477 593 510 corpus
614 477 681 497 cum
700 468 734 497 iis
758 465 895 497 efficiunt.
910 465 944 497 Id
961 477 1074 497 cernere
1092 467 1130 496 ‹st
1151 470 1178 497 in
1195 468 1282 496 Liri-a:
1296 487 1303 500 ‚
1327 465 1371 496 scu
1385 469 1491 507 argenti
1505 477 1570 508 cry-

330 509 441 545 stallis,
471 512 502 540 in
523 521 560 540 eo
582 509 674 552 lapide
698 521 785 553 quem
806 507 976 540 infernalem
995 508 1034 539 ob
1063 511 1125 539 vim
1154 512 1210 551 (jus
1232 509 1379 539 caustzcrm
1400 509 1566 551 appellant,

331 555 440 595 quique
467 563 532 583 cum
557 555 625 584 nitri
648 552 745 596 spiriru
759 563 894 595 paratur,
910 554 940 583 in
964 551 1109 583 sublimati
1131 550 1268 582 corrosivi
1286 555 1506 595 pra-paratione,
1521 553 1570 583 ubi

329 597 405 627 acidi
419 595 531 638 spiritus
549 595 628 626 ‘asale
642 598 766 634 marino,
778 599 808 627 ὃ(
824 595 944 626 vitriolo
959 595 1056 626 secreti
1068 594 1244 637 hydrargyro
1258 594 1461 624 atlhaertscunt.
1478 595 1525 625 Sic
1540 598 1570 626 in

329 638 396 669 olco
408 638 532 682 glaciali,
546 639 591 670 seu
604 641 633 669 in
644 638 748 680 butyro
760 642 910 670 antimunii
920 665 929 677 ,
942 638 1090 681 postquam
1102 638 1244 668 sublimati
1257 641 1284 668 vi
1295 639 1405 680 regulus
1418 640 1571 669 anrimonii

332 678 505 713 solutuslcni
516 686 589 724 ignis
598 681 691 713 calore
700 682 757 712 un&
767 693 833 713 cum
848 681 1003 713 sublimato
1015 681 1120 712 sursum
1131 681 1217 711 tintus
1232 681 1279 712 est:
1291 692 1350 712 tum
1360 684 1438 711 enim
1449 692 1480 711 cx
1495 693 1571 712 utro-

332 736 388 768 que
398 725 552 756 candidum
561 725 632 767 quid
648 727 679 756 &
690 727 872 768 compaRum
884 723 1015 756 efficitur.
1030 726 1115 755 sicin
1129 723 1270 754 tiniiaiboeri
1282 726 1387 754 neritia
1398 725 1508 768 spiritus
1520 723 1572 755 sul-

335 769 435 812 phuris
446 768 565 800 acidus&
574 770 717 813 pinguiori
730 768 806 800 illius
817 771 951 813 portione
964 767 1083 799 secretus
1093 766 1147 798 uiia‘i
1157 778 1221 798 cum
1230 767 1365 810 liydrarg)
1376 778 1407 798 to
1421 767 1496 798 :ii-<ste
1503 778 1575 806 con-⁴

332 815 480 855 jungitur.

370 858 476 898 Neque
492 856 546 886 hoc
563 854 793 899 ptaerereundum
805 882 814 896 ‚
827 854 980 898 quodcum
997 855 1045 886 ista
1057 854 1218 898 legerentur
1233 880 1241 890 ,
1263 856 1305 888 D.
1320 853 1466 885 Bculcduc
1481 854 1578 886 obiter

340 897 509 935 admonuit,
541 900 650 931 morbis
693 901 795 930 estoris
818 899 833 929 :i
862 899 982 930 Medico
1007 897 1056 929 fibi
1078 910 1147 929 noto
1167 898 1241 928 stibii
1263 897 1441 928 cinnabarim
1465 898 1572 929 utiliter

342 940 493 972 abhiberi:
520 940 612 972 dosim
633 911 690 972 είῖξ
711 953 741 982 ¹5
763 953 937 984 granorum:
964 940 1010 972 sed
1030 941 1136 983 reliqua
1158 941 1365 985 persequamur.

385 996 416 1023 7.
442 984 489 1014 Dc
514 987 600 1015 variis
619 984 719 1016 salium
741 984 892 1027 genetibus
909 987 938 1015 in
959 995 991 1014 ea
1014 982 1207 1014 differretione
1231 986 1321 1023 agitur
1335 1006 1344 1018 ‚
1366 982 1402 1014 de
1415 993 1571 1014 atramento

343 1027 390 1058 seu
413 1026 551 1063 vitriolo‚
576 1027 612 1058 de
632 1027 782 1064 alumine,
802 1027 837 1058 de
858 1026 914 1058 sale
934 1025 1017 1058 calcis
1045 1030 1129 1058 vivat.
1160 1025 1373 1057 Calchanihum
1400 1026 1447 1057 seu
1473 1029 1573 1057 vitrio-

342 1069 404 1102 lum
430 1070 503 1101 nihil
523 1069 576 1101 effe
600 1070 776 1102 existimabat
802 1073 844 1103 D.
866 1071 976 1101 Charas
991 1092 1001 1105 ,
1022 1081 1120 1113 praeter
1142 1069 1271 1114 spiritum
1288 1068 1431 1112 sulphuris
1446 1068 1574 1105 acidum,

341 1115 393 1155 qui
416 1125 482 1146 cum
503 1113 572 1145 ferri
589 1125 636 1146 aut
663 1118 743 1158 cupri
765 1113 932 1158 particulis,
952 1124 1019 1156 quas
1042 1112 1159 1149 exedit,
1175 1112 1252 1144 arete
1275 1115 1467 1154 conjungitur.
1483 1112 1574 1153 Qod

341 1157 362 1188 fi
395 1160 471 1188 enim
485 1160 586 1201 cupri,
608 1168 656 1189 aut
683 1157 750 1189 ferri
766 1159 924 1189 limaturam
945 1159 975 1187 in
992 1155 1089 1200 spiritu
1109 1156 1251 1200 sulphuris
1268 1154 1446 1191 dillolvcris‚
1472 1155 1573 1186 humo-

340 1209 374 1231 re
387 1199 529 1243 superfluo
544 1200 676 1232 exhalato
687 1223 697 1237 ‚
713 1200 836 1242 crystalli
855 1205 999 1245 optimum
1016 1198 1125 1231 dabunt
1142 1199 1304 1231 vitriolum.
1324 1202 1372 1230 Sic
1384 1198 1495 1229 alumen
1513 1209 1575 1229 non

340 1243 419 1275 aliud
443 1243 582 1287 quiddam
603 1243 715 1275 videtur
740 1243 793 1275 effe
812 1255 913 1287 praeter
937 1242 1062 1286 lapides,
1087 1254 1134 1274 :tut
1151 1245 1288 1275 terrestria
1305 1242 1435 1284 quaedani
1454 1252 1574 1284 corpora

337 1285 358 1316 ὲ
378 1286 475 1329 spiritu
498 1286 538 1316 sul
563 1287 640 1317 huris
658 1286 746 1317 exciit.
771 1286 861 1328 Qod
886 1286 905 1317 fi
926 1290 1002 1318 enim
1027 1297 1135 1317 cretam
1164 1285 1291 1329 sulphuri
1313 1285 1411 1329 spiritu
1432 1283 1572 1320 solveris,

339 1328 358 1358 s
374 1331 470 1360 iritum
489 1300 625 1372 paulatim
639 1327 820 1364 instilland0‚
837 1331 867 1358 δέ
887 1339 1027 1371 quantum
1043 1339 1076 1359 ea
1091 1339 1192 1371 capere
1213 1328 1322 1371 potest,
1337 1328 1482 1358 misturam
1494 1338 1574 1369 aqua:

337 1341 477 1407 diluens,
501 1371 551 1401 ubi
564 1374 594 1401 in
620 1370 764 1412 frigidiori
793 1370 861 1401 loco
882 1369 1027 1413 crystallos
1044 1368 1227 1402 concrescere
1250 1370 1369 1407 siveris,
1389 1381 1450 1403 tum
1473 1381 1574 1404 vetum

339 1413 456 1445 alumen
477 1413 614 1458 prodibit.

375 1458 472 1489 Salem
495 1457 566 1489 vero
581 1456 651 1488 calci
666 1456 754 1489 ineffe
765 1459 815 1489 vix
837 1458 934 1502 negari
957 1456 1066 1500 potest,
1085 1467 1151 1488 cum
1175 1456 1295 1489 effestus
1309 1468 1409 1489 omnes
1451 1464 1574 1494 rocreet‚‘

336 1503 387 1544 qui
408 1500 424 1531 ὲ
449 1499 504 1532 sale
527 1499 587 1531 fixo
611 1504 754 1532 oriuntur.
782 1501 874 1542 Qod
894 1501 914 1532 fi
940 1499 1072 1543 spiritum
1094 1499 1209 1531 acidum
1236 1500 1353 1544 alicujus
1373 1500 1403 1532 fo
1429 1500 1474 1532 ilis
1492 1499 1574 1532 solu-

337 1547 411 1575 tioni
427 1543 513 1574 calcis
535 1547 655 1574 recentis
676 1544 794 1575 instilles
808 1567 818 1580 ,
836 1544 968 1575 exhalato
983 1541 1083 1573 sensim
1100 1544 1223 1575 humore
1238 1567 1247 1580 ‚
1269 1544 1307 1575 sal
1323 1544 1441 1588 quidem
1461 1545 1489 1574 in
1503 1543 1572 1575 fun-

337 1587 378 1618 do
399 1586 515 1618 subsidit
537 1587 553 1617 ὲ
571 1586 624 1617 sale
647 1587 732 1620 calcis
751 1591 782 1619 &
805 1587 889 1620 acido
913 1584 1060 1619 mineralis
1087 1585 1141 1617 sale
1165 1586 1337 1632 compofirus
1355 1610 1366 1623 ,
1387 1586 1458 1617 adeo
1480 1598 1511 1619 ut
1533 1586 1573 1624 sal,

339 1629 434 1661 acidus
455 1633 484 1660 in
509 1628 598 1661 fixum
617 1630 707 1662 abeat.

746 1763 780 1799 C
814 1765 849 1801 A
881 1765 908 1803 P
937 1768 976 1805 U
1013 1767 1048 1803 T
1111 1766 1190 1805 IV.

565 1864 616 1894 De
633 1858 820 1909 quibusdam
838 1859 917 1894 aliis
934 1860 1169 1912 Experimemis
1189 1858 1359 1908 chymicisl

341 1944 461 2025 1.N
476 1943 609 1976 Onnulla
632 1947 706 1976 circa
726 1945 844 1989 sulphur
861 1948 1012 1977 antimonii
1034 1945 1101 1978 fecit
1126 1949 1317 1990 experimenta
1340 1948 1381 1980 D.
1403 1947 1570 1989 Homberg,'

477 1998 563 2030 caque
585 1999 644 2018 non
664 1988 845 2032 aspernanda.
870 1988 985 2021 Oleum
1002 2001 1050 2033 per
1066 1988 1225 2031 deliquium
1238 2013 1249 2026 ,
1268 2003 1299 2022 ut
1321 2003 1423 2022 vocant
1440 1992 1568 2032 Chymi-

342 2036 392 2069 ci,
422 2032 438 2062 ὲ
467 2030 562 2062 scoriis
583 2031 672 2074 reguli
694 2034 845 2062 antimonii
867 2031 1002 2075 simplicis
1023 2034 1179 2064 extractum
1193 2056 1202 2069 ‚
1230 2038 1261 2065 δε
1288 2035 1381 2078 phiala
1403 2033 1566 2066 conclusum

345 2075 486 2107 exhibuit.
509 2074 542 2106 Id
557 2075 627 2106 vero
649 2074 784 2105 nihilelse
799 2076 937 2106 existimat
959 2087 1058 2118 praeter
1081 2075 1198 2119 sulphur
1218 2075 1427 2110 inflammabile
1445 2078 1568 2107 antimo-

347 2122 404 2157 nii,
425 2118 504 2163 quod
523 2118 591 2151 sales
606 2117 657 2150 fixi
676 2121 770 2151 tartari
793 2122 825 2152 &
841 2121 909 2151 nitri
932 2118 1121 2151 exsolverunt.
1139 2120 1236 2151 Altera
1253 2121 1348 2164 phiala
1361 2122 1570 2158 tinCturamanfi
