1638 2345
181 120 268 149 Anu.

183 168 271 201 1694·

290 86 342 120 3²³³
600 85 775 117 REGJAE
816 84 1214 116 scthTrARUM

296 800 388 835 partes
405 787 509 834 poffint
528 788 695 822 discernere.
723 789 817 832 de
840 789 860 821 fi
888 790 1022 820 humores
1046 787 1153 820 turbidi
1171 786 1224 818 fint
1246 809 1256 823 ‚
1281 797 1311 818 ut
1336 788 1365 818 in
1387 786 1530 831 plerisque

295 836 393 866 evenit
407 856 417 869 ,
440 832 566 865 confusa:
583 844 667 864 etune
694 837 832 876 imagines
851 859 860 872 ,
882 832 934 863 nisi
959 832 1085 864 uberiori
1104 831 1166 862 luce
1185 831 1299 873 objeeta
1319 841 1440 876 corpora
1462 843 1530 875 per-

297 876 462 909 fimdantur.
486 876 548 909 Ubi
566 877 701 908 humores
719 876 835 920 limpidi
855 875 972 920 quidem
996 876 1059 909 sunt
1069 898 1080 913 ‚
1101 875 1149 907 sed
1162 875 1287 920 quodam
1309 873 1407 906 infesti
1420 875 1530 912 colore,

297 920 400 951 eodem
419 931 461 951 res
477 918 575 951 colore
593 922 696 951 tinetas
718 920 855 952 exhibent
867 942 877 956 ‚
898 931 930 951 ut
946 929 1012 951 cum
1030 930 1081 963 per
1097 921 1205 950 vitrum
1226 919 1350 949 tinctum
1365 921 1530 950 intuemur:

294 963 352 994 Sed
372 964 428 994 hoc
450 962 540 1007 ipsum
558 974 617 994 non
635 963 812 995 advertimus
825 986 835 999 ‚
853 962 904 994 nifi
924 974 1039 1007 repente
1059 962 1090 994 id
1104 964 1169 994 vitii
1187 963 1313 994 incurrat
1334 975 1342 993 ε
1369 973 1430 994 turn
1451 965 1531 993 enim

293 1017 391 1037 recens
408 1007 446 1037 est
465 1008 605 1038 memoria
619 1006 753 1037 colorum
772 1017 844 1049 quos
863 1017 929 1038 ante
950 1007 1086 1040 vidimus.
1122 1044 1125 1048 ι

342 1053 383 1082 V.
420 1051 464 1080 Ac
486 1049 559 1081 nihil
584 1047 658 1080 forte
676 1050 717 1081 est
739 1052 786 1082 cui
802 1053 894 1093 magis
918 1049 1049 1082 assuescat
1073 1048 1175 1082 oculus
1201 1049 1291 1092 quim
1313 1047 1444 1080 colorum
1465 1059 1531 1079 mu·

298 1095 408 1124 rationi.
437 1093 530 1134 Qod
554 1095 641 1125 variis
670 1093 810 1138 probztur
838 1093 977 1137 exemplis
1007 1107 1016 1125 :
1039 1105 1105 1125 nam
1129 1092 1149 1124 fi
1173 1103 1223 1137 per
1241 1095 1350 1125 vitrum
1373 1091 1460 1124 viridi
1483 1102 1532 1123 aut

298 1135 388 1166 rubeo
409 1136 507 1168 colore
534 1135 684 1180 paululum
702 1138 826 1169 tinCtum
845 1136 882 1168 fic
901 1147 962 1169 rem
990 1139 1152 1169 intueamur
1166 1159 1175 1172 ,
1204 1147 1234 1168 ut
1255 1137 1309 1168 alia
1328 1146 1451 1179 corpora
1473 1138 1531 1166 cir-

299 1178 456 1223 cumposita
475 1178 656 1212 obducantur
671 1206 680 1217 ,
700 1183 775 1213 intra
792 1180 880 1212 breve
900 1182 1039 1224 temporis
1060 1180 1180 1224 spatium
1197 1178 1326 1211 colorem
1350 1179 1443 1223 ipsum
1463 1181 1534 1210 viri-

299 1221 367 1253 dem
385 1234 432 1254 aut
453 1222 574 1255 rubeum
593 1226 624 1254 in
642 1235 671 1255 re
685 1223 744 1255 visa
761 1235 821 1255 non
837 1223 1012 1255 advertimus
1035 1237 1042 1255 ε
1064 1227 1112 1254 vix
1136 1222 1209 1254 illud
1225 1223 1309 1254 nobis
1334 1221 1533 1266 persuademus

299 1265 412 1297 coiores
431 1267 503 1297 alios
518 1268 549 1296 in
570 1266 646 1297 Solis
667 1288 677 1301 ,
707 1269 739 1297 δε
759 1270 790 1297 in
811 1268 933 1298 accensae
955 1266 1079 1298 candelae
1101 1267 1210 1297 lumine
1230 1266 1322 1298 videri
1347 1279 1354 1297 ε
1381 1269 1413 1296 &
1438 1276 1534 1296 xamen

300 1318 411 1339 cerrum
435 1309 475 1340 est
496 1307 656 1342 coeruleum
682 1309 812 1341 colorem
832 1312 862 1341 in
883 1308 1007 1342 candelae
1032 1309 1153 1341 accensae
1178 1308 1285 1340 lumine
1307 1307 1429 1339 viridem
1450 1308 1538 1339 nobis

301 1361 446 1394 appatere.

347 1397 409 1425 VI.
451 1393 530 1426 Illud
549 1396 766 1438 praetermittere
799 1406 858 1427 non
882 1394 994 1440 possum
1018 1395 1098 1440 quod
1119 1393 1238 1426 subinde
1261 1404 1379 1426 annotat
1403 1416 1414 1430 ‚
1449 1404 1535 1435 myo-

301 1447 366 1480 pcm
388 1448 450 1469 non
470 1447 576 1469 attente
595 1448 662 1468 eum
685 1436 822 1481 respicere
847 1464 855 1475 ‚
890 1450 1018 1483 quocum
1040 1438 1189 1481 loquitur,
1211 1437 1292 1482 quod
1314 1447 1409 1469 motus
1432 1437 1535 1468 oculo-

302 1492 366 1511 rum
389 1484 416 1511 in
438 1492 472 1512 eo
493 1483 545 1523 qui
560 1480 688 1523 loquitur
706 1483 811 1513 intueti
831 1493 891 1513 non
911 1481 994 1526 possit
1008 1505 1019 1518 ,
1037 1482 1104 1512 hinc
1125 1492 1218 1513 tamen
1242 1483 1284 1511 vis
1302 1481 1456 1512 verborum
1469 1480 1536 1524 plu-

303 1527 407 1555 rimum
437 1524 540 1568 pendet
562 1547 572 1560 ‚
603 1527 633 1555 &
657 1526 687 1555 in
708 1533 836 1556 mentem
858 1525 945 1569 ipsam
964 1525 1108 1569 loquentis
1135 1536 1169 1556 ex
1196 1535 1276 1555 motu
1300 1523 1451 1555 oculorum
1474 1535 1535 1555 non

303 1566 487 1599 mediocriter
506 1577 688 1611 penetramus
704 1580 712 1600 ε
732 1579 818 1612 quare
838 1580 941 1613 myops
959 1580 1033 1600 totus
1048 1570 1078 1599 in
1098 1567 1254 1600 verborum
1276 1566 1387 1598 stnsum
1409 1570 1535 1598 intentus

304 1609 403 1640 oculos
421 1609 494 1641 nulli
515 1613 555 1642 rei
573 1609 684 1642 defixos
704 1622 786 1643 tenct-

347 1655 436 1684 vll.
473 1655 598 1698 Myopes
617 1657 667 1686 vix
692 1653 823 1688 distinere
842 1658 1000 1699 percipiunt
1019 1667 1062 1688 res
1083 1654 1209 1698 objed‘tas
1226 1675 1234 1689 ‚
1263 1664 1328 1684 cum
1354 1652 1461 1696 pupilla
1495 1652 1534 1683 est

305 1707 320 1726 a
341 1698 431 1728 ertior
447 1709 532 1740 quam
552 1709 601 1740 par
622 1697 655 1729 sit
690 1712 697 1729 :
726 1709 785 1730 non
807 1701 885 1729 enim
910 1702 939 1730 in
965 1698 1013 1730 illa
1035 1699 1188 1730 humorum
1207 1697 1437 1728 conformatione
1462 1695 1535 1728 radii

306 1706 340 1770 ag
355 1738 458 1770 eodem
471 1740 579 1784 objecti
587 1743 718 1785 corporis
726 1743 834 1785 puncto
851 1742 1041 1785 prodeuntes,
1057 1742 1117 1786 post
1129 1740 1271 1787 triplicem
1287 1739 1489 1770 refractionem
1503 1742 1535 1770 in

305 1781 382 1813 idem
402 1787 501 1826 organi
516 1787 654 1827 pumirum
676 1786 757 1816 coi're
777 1783 901 1829 poffunt.

354 1824 430 1857 lllud
460 1826 579 1870 pulchre
602 1826 725 1871 explicat
753 1840 815 1871 quae
833 1831 912 1860 causa
934 1829 967 1861 fit
987 1839 1036 1860 cur
1059 1838 1177 1870 myopes
1192 1848 1201 1861 ,
1225 1828 1273 1865 qui
1296 1837 1389 1856 tamen
1412 1837 1453 1856 res
1477 1825 1533 1856 Ob*

304 1871 392 1911 jestas
415 1869 599 1902 mediocriter
618 1882 741 1902 remotas
764 1871 846 1903 distin
869 1884 939 1904 uunt
954 1898 963 1909 ,
979 1871 1090 1903 easdem
1110 1872 1276 1915 plerumque
1296 1872 1453 1912 geminatas
1472 1877 1536 1899 eer.·

306 1923 375 1943 nant
388 1935 398 1948 ,
417 1923 448 1944 ut
467 1913 611 1957 horologii
633 1913 720 1944 lineas
737 1917 765 1945 in
788 1883 879 1946 fundgo
899 1916 964 1947 albo
983 1914 1137 1947 delinearas
1153 1936 1162 1950 ‚
1185 1921 1270 1955 arque
1290 1924 1323 1943 cx
1344 1910 1534 1956 praestnntiffi-

306 1959 360 1987 mis
381 1957 570 1988 Geometricis
590 1956 717 1988 canesio
732 1980 741 1993 ‚
764 1958 952 1990 Robcrvallio
968 1962 998 1990 &c
1017 1960 1152 2003 Hugcnio
1172 1967 1202 1987 ut
1225 1967 1332 1986 certum
1359 1956 1450 1986 statuit
1469 1954 1535 1985 len-¹

305 2009 346 2029 tes
366 2001 509 2043 utrimque
530 1999 659 2033 convexi
681 1998 825 2044 superficie
841 2012 928 2044 eaque
947 2004 963 2032 S
989 2003 1089 2033 haerica
1104 2001 1220 2032 donatas
1241 2010 1298 2029 non
1315 1998 1368 2029 esse
1389 1999 1450 2030 satis
1468 1997 1534 2029 ido-'

306 2052 371 2073 neas
384 2066 394 2079 ,
415 2055 477 2088 quae
494 2044 589 2076 radios
606 2055 640 2076 ex
658 2044 758 2076 eodem
778 2046 886 2088 pumero
906 2014 1076 2088 prodeuntes
1094 2048 1121 2075 in
1143 2045 1219 2076 idem
1235 2043 1372 2086 puriorum
1393 2042 1453 2086 post
1478 2040 1531 2070 du-

306 2084 411 2127 plicem
432 2087 633 2120 resi-astionem
655 2086 800 2132 colligant.
827 2087 883 2120 Sed
900 2099 971 2132 aptae
991 2089 1055 2120 huic
1075 2091 1114 2132 rei
1132 2087 1232 2119 futura:
1247 2085 1308 2118 sunt
1323 2107 1332 2122 ‚
1357 2084 1377 2117 si
1397 2095 1482 2117 unam
1497 2094 1531 2113 cx
