1638 2345
262 83 558 117 ACADEMIAE
593 82 880 116 HISTORIA.
918 83 1101 116 L11321V.
1242 94 1293 122 30¹

62 129 167 162 *allium
200 127 300 160 colicis
338 127 488 159 doloribus
518 130 663 171 optimum
693 125 746 157 esse
778 126 938 158 remedium
972 126 1084 157 testatus
1116 126 1162 156 est.
1310 124 1390 153 Amr-

112 176 141 204 X
156 174 204 204 11.
247 174 413 203 Tractatum
436 170 516 201 suurn
540 171 574 201 de
597 172 719 201 tinerura
749 172 912 201 Antimonii
938 172 1023 202 variis
1046 173 1076 200 in
1101 168 1293 212 congressibus
1308 170 1410 197 imis-³·

63 215 134 259 legit
157 217 196 246 D.
209 215 363 258 Homberg
377 241 384 251 ,
403 214 478 245 hanc
495 225 545 257 per
564 216 642 245 varia
662 225 806 245 acetorum
823 224 928 256 genera
942 217 973 245 δέ
990 214 1117 256 spiritum
1133 216 1194 243 vini
1207 212 1293 244 elicit.

65 262 100 289 In
121 258 291 291 diffenteriis
310 259 338 290 se
363 258 482 290 feliciter
502 256 660 291 ,adhibuisse
687 257 760 289 hanc
777 259 930 289 tincturam
952 257 1052 301 spiritu
1065 260 1127 290 vini
1143 259 1296 288 extraetam

65 301 237 334 affirmabat.

106 347 166 377 Die
188 358 223 386 23
251 347 421 378 Decembris
449 348 490 377 D.
514 346 617 376 Morin
637 345 751 378 Dotfror
768 344 903 379 Medicus
925 348 954 377 in
976 356 1086 377 coetum
1105 343 1296 376 Academico-

63 401 126 423 rum
153 390 188 421 ab
210 389 345 422 Illustxiss‘.
376 393 416 421 D.
439 392 487 420 De
505 389 724 420 Pontchartrain
745 388 872 419 adlectus
908 389 1048 419 nonnulla
1074 388 1111 419 de
1135 385 1296 422 sedilibus,

64 431 190 463 disseruit
209 443 240 462 ac
262 433 401 477 praecipue
421 432 456 464 de
474 431 540 462 ferri
552 443 625 463 vena
637 454 645 467 ‚
660 444 694 462 ex
711 443 767 474 qua
782 431 889 463 ferrum
910 431 1015 463 malleo
1038 431 1146 462 ductile
1172 431 1301 461 extraxit.

64 477 164 515 Huius
199 478 238 506 tei
270 476 416 507 occasione
445 476 487 506 D.
528 475 684 518 Homberg
709 474 799 506 visum
829 475 844 504 εὶ
879 475 905 506 se
938 476 1086 506 hominem
1117 475 1190 506 dixit
1210 496 1218 508 ‚
1250 477 1299 515 qui

69 518 221 549 tundendo
244 518 352 550 ferrum
378 518 449 549 illud
470 518 594 549 candens
615 544 623 554 ‚
642 521 671 549 ὅ(
699 517 819 550 adurens
843 517 984 550 efficiebat
1006 520 1046 549 D.
1065 520 1111 550 De
1130 518 1157 549 la
1181 519 1254 548 Hire
1274 517 1299 546 se

63 572 211 604 expertum
237 565 275 594 ait
291 562 436 605 virgulam
451 561 517 592 ferri
531 561 629 605 saepius
650 561 786 592 inflexam
802 565 832 592 &
848 563 992 594 reductam
1008 565 1113 594 mitum
1132 564 1161 593 in
1180 559 1299 591 modum

64 604 231 640 incalescere
252 608 290 635 D.
308 604 463 646 Homberg
476 604 578 647 adjecit
597 605 662 634 sein
684 606 781 636 Suecia
796 605 895 636 vidisse
918 605 1026 637 fusores
1039 632 1047 644 ,
1066 609 1114 649 qui
1136 605 1300 645 conjectum

62 649 92 677 in
116 645 208 681 ,fusum
227 648 376 679 metallum
401 647 509 690 lignum
533 647 668 679 manibus
684 648 868 679 retraherent.
895 651 977 691 Qin
1001 653 1029 679 δε
1063 652 1101 681 D.
1119 648 1239 687 Galloys
1256 649 1301 676 vi—

62 690 105 723 dit
124 691 199 733 apud
219 692 419 723 Coenomanos
441 689 560 733 opifices
583 714 592 727 ‚
624 695 673 734 qui
695 691 787 721 fusum
808 689 914 722 fertum
940 692 1071 723 manibus
1100 693 1155 722 huc
1179 690 1247 721 illuc
1269 692 1299 721 in

62 736 185 763 minutas
210 733 311 776 pilulas
335 735 505 777 spargerent.
542 735 642 764 Ptiucis
667 735 727 778 post
751 733 851 765 diebus
875 734 998 765 formam
1026 739 1056 766 &
1081 735 1174 765 ideam
1200 744 1299 764 eorum

62 787 123 821 (με
143 778 217 807 circa
231 779 378 810 minei-alia
396 780 494 808 animo
512 781 666 820 concepit,
688 778 703 807 ὲ
726 778 829 820 scripto
845 781 973 809 recitavit
995 779 1036 810 D.
1055 780 1167 811 Morin.

480 909 740 948 CAPUT
795 912 890 947 III.

480 1004 531 1035 De
556 997 643 1034 rebus
669 998 876 1034 Anatomicis.

63 1089 88 1117 1.
158 1087 275 1117 Neunte
298 1086 355 1116 hoe
374 1082 450 1116 anno
461 1088 624 1129 viperarum
646 1095 780 1115 anatome
796 1109 804 1122 ‚
823 1083 1017 1115 musculorum
1033 1106 1043 1120 ‚
1067 1084 1197 1115 dentium
1223 1105 1233 1119 ‚
1267 1089 1299 1116 &

109 1088 294 1167 Iviscctum
313 1130 448 1160 strustura
467 1129 619 1172 diligenter
638 1128 693 1158 fuit
711 1129 880 1159 examinata.
906 1128 988 1168 Qid
1009 1127 1147 1171 superiori
1163 1139 1237 1159 anno
1258 1129 1301 1162 D,

63 1173 173 1204 Charas
199 1172 352 1209 acciderit,
377 1183 408 1204 ut
429 1172 512 1204 semel
539 1176 569 1203 δέ
591 1176 692 1203 iterum
715 1175 820 1214 viperae
842 1171 939 1202 dentes
964 1182 1119 1202 venenatos
1138 1170 1235 1214 digitis
1255 1174 1301 1201 in-

61 1215 199 1251 fixerint,
226 1215 341 1256 quodve
359 1215 518 1247 remedium
539 1215 686 1249 attulerit,
714 1214 831 1257 ipsemet
856 1214 960 1256 scripto
980 1214 1111 1256 exposuit
1131 1236 1140 1249 ‚
1168 1214 1246 1257 quod
1271 1218 1301 1245 in

63 1260 148 1290 Aeris
171 1258 292 1302 publicis
320 1258 424 1289 mensis
441 1259 570 1300 Januarii
593 1257 730 1288 habemus
752 1257 933 1300 explicatum.
969 1256 1030 1288 Ubi
1054 1259 1130 1287 inter
1151 1256 1206 1287 alia
1228 1257 1301 1288 illud

63 1313 272 1333 commemorat
288 1324 297 1337 ,
322 1301 509 1333 Ambrofium
529 1303 657 1332 Paraeum
678 1300 779 1331 Caroli
804 1302 866 1330 IX.
887 1303 915 1330 &
935 1302 1057 1330 Henrici
1079 1302 1150 1330 ΙΙΙ.
1177 1301 1301 1331 Chirur-

63 1357 131 1387 gum
156 1343 407 1386 Montispessulani
431 1345 446 1375 ὲ
470 1349 567 1388 vipera
587 1345 688 1375 itidem
714 1346 744 1373 in
771 1343 864 1385 digito
886 1342 1068 1373 vulneratum
1086 1342 1189 1379 fuiffe,
1216 1355 1301 1374 eum-

63 1400 120 1430 que
143 1389 277 1419 strictiori
296 1387 416 1430 ligatura
435 1388 516 1430 supra.
539 1387 642 1419 vulnus
660 1385 788 1417 adhibita
810 1385 844 1415 ab
866 1388 947 1415 omni
975 1384 1101 1428 periculo
1124 1384 1276 1416 liberatum
1290 1410 1300 1422 ‚

65 1442 96 1461 ut
117 1431 237 1474 ipsemet
266 1429 287 1461 l.
315 1442 344 1461 21
370 1431 492 1461 testatur.
520 1433 559 1462 D.
574 1431 683 1460 Charas
704 1439 803 1472 proeter
824 1428 976 1470 ligaturam
1002 1440 1040 1465 24
1061 1439 1150 1470 grana
1173 1428 1234 1459 salis
1256 1433 1300 1460 vi-

62 1478 155 1517 perini
175 1478 204 1505 in
224 1476 312 1518 priori
334 1473 398 1504 casu
414 1473 559 1509 hauserat,
576 1485 606 1504 ut
626 1473 757 1504 sudorem
779 1475 911 1502 excitaret
942 1485 948 1501 ι
974 1471 1020 1501 sed
1042 1471 1132 1501 solam
1146 1471 1300 1513 ligaturam

63 1518 214 1560 posteriori
236 1516 348 1548 vulneri
367 1516 508 1548 adhibuit.
542 1517 650 1547 Paraeus
672 1527 772 1560 praeter
792 1514 942 1557 ligaturam
963 1512 1125 1557 goffypium
1146 1526 1216 1557 aqua
1239 1518 1299 1547 vini

62 1560 194 1596 ardente,
207 1563 237 1591 in
255 1571 309 1602 qua
328 1561 482 1591 theriacam
499 1559 674 1596 dissolverat,
686 1559 832 1590 imbutum
848 1581 859 1593 ,
877 1558 990 1590 vulneri
1012 1557 1197 1601 imposuerat.
1227 1558 1298 1592 Alio

62 1613 181 1639 utuntur
202 1603 330 1634 remedio
356 1605 508 1640 Pfflones,
530 1603 608 1645 quod
627 1614 662 1633 eo
676 1602 743 1634 loco
758 1601 877 1633 refertur
891 1615 898 1633 ι
913 1603 955 1631 uti
970 1604 1000 1632 ἅτ
1021 1600 1095 1632 illud
1118 1604 1197 1642 cujus
1212 1613 1299 1632 men-

65 1649 174 1678 tionem
198 1646 265 1678 facit
295 1649 335 1678 D.
350 1647 448 1688 vBoy-le
475 1650 503 1678 in
531 1646 606 1677 libro
628 1645 663 1676 de
694 1645 815 1677 utilitate
838 1644 1031 1688 Philosophiae
1052 1645 1295 1688 experimentalis.

64 1691 182 1721 Ferrum
203 1690 327 1721 candens
343 1689 454 1721 vulneri
474 1702 558 1733 quam
577 1688 639 1720 fieri
658 1690 748 1732 potest
763 1687 893 1719 citiffime
916 1691 946 1720 &
970 1690 1101 1731 proxime
1119 1687 1231 1719 vulneri
1246 1689 1298 1719 ad-

64 1743 198 1765 movetur
223 1756 232 1768 ,
260 1745 290 1764 ur
317 1745 460 1764 venenum
488 1732 562 1764 foras
583 1733 726 1764 educatur.
764 1731 853 1773 quue
877 1730 949 1762 bene
968 1729 1100 1774 proceffit
1126 1735 1155 1761 in
1177 1731 1298 1762 homine

65 1786 151 1816 quem
171 1779 268 1819 vipera
286 1776 484 1808 momorderat
508 1790 514 1808 z
541 1788 607 1807 nam
629 1775 713 1806 cultri
733 1774 881 1806 candentis
901 1777 962 1806 vim
976 1786 1024 1817 per
1048 1786 1082 1805 10
1101 1786 1147 1805 aut
1166 1785 1200 1806 η
1219 1775 1296 1806 horae

65 1821 176 1850 minuta
203 1819 327 1850 calorem
355 1831 441 1862 quam
468 1831 576 1863 poterat
602 1822 763 1851 maximum
788 1817 905 1853 ferens,
929 1828 1028 1848 manus
1051 1822 1112 1860 ejus
1130 1818 1293 1849 detumuit:

66 1865 146 1902 cujus
165 1865 205 1893 rei
226 1862 324 1905 saepius
345 1863 451 1895 factum
472 1863 510 1893 cst
526 1862 695 1905 periculum.

105 1907 156 1937 11.
192 1907 269 1936 Cum
290 1905 324 1936 de
347 1910 461 1939 venenis
479 1906 551 1937 olim
572 1905 663 1937 sermo
681 1905 833 1938 haberetur
852 1907 881 1936 in
903 1904 1077 1940 Academia,
1104 1906 1145 1934 D.
1173 1902 1297 1934 Blondel

66 1951 104 1979 ait
123 1948 193 1989 s.¹epe
214 1948 242 1978 id
261 1952 425 1991 contingere
444 1954 473 1981 in
494 1950 625 1981 Anaetica
639 1972 648 1985 ‚
667 1961 697 1980 ut
718 1961 866 1981 venatores
878 1949 975 1980 morsu
990 1946 1157 1978 animalium
1177 1945 1296 1989 percuffi

67 1994 134 2022 virm
151 1991 304 2022 discrimen
328 1992 427 2024 adeant
442 2019 450 2029 ‚
475 2005 564 2037 neque
583 1992 659 2024 aliud
681 1993 745 2023 huic
762 1992 839 2023 malo
858 1991 912 2023 effe
931 1991 1089 2023 remedium
1113 2002 1159 2020 aut
1182 1992 1297 2024 certius,

68 2046 114 2073 aut
131 2034 240 2066 facilius
257 2046 342 2077 quam
366 2035 511 2078 pulverem
531 2041 643 2079 pyrium
664 2035 776 2066 vulneri
800 2035 965 2079 impositum
985 2033 1149 2065 accendere.
1178 2034 1213 2063 Et
1231 2035 1296 2074 qui-

69 2070 135 2109 dem
155 2078 213 2111 vidi
235 2081 264 2109 in
285 2078 445 2109 Normania
467 2080 582 2111 rusticos
609 2090 707 2123 parato
727 2082 766 2111 uti
789 2078 917 2112 remedio
940 2076 1071 2110 adversus
1091 2086 1194 2109 canum
1219 2075 1295 2109 rabi-

1001 2120 1052 2163 PP
1081 2120 1113 2162 iij
