1638 2345
291 198 377 244 quae
393 184 485 224 cum
502 195 646 242 magna
662 195 708 221 ex
730 193 836 240 parte
858 177 961 219 edita
978 174 1148 231 fuerint,
1168 193 1258 221 cum
1283 181 1324 222 in
1349 177 1514 225 Miscel-

288 244 420 296 lancis,
433 259 517 285 tum
533 245 574 284 in
591 239 680 302 ipsis
698 239 1033 284 Academicorum
1047 238 1432 296 elucubrationibus,
1451 248 1515 286 ni-

290 305 345 347 hil
369 321 446 347 erat
464 301 581 346 causae
602 319 667 345 cur
685 316 748 344 tot
762 300 875 342 rebus
896 300 1084 361 praeclaris
1109 301 1292 362 quidem,
1341 319 1476 364 uaeque
1493 304 1516 348 5,

291 366 418 409 doctis
434 364 608 427 plurimis
626 363 841 414 ducuntur,
853 357 917 404 scd
934 365 1096 405 minime
1105 319 1407 408 neceffariislioc
1417 382 1517 427 opus

289 437 507 469 onerarem.
527 429 731 484 roirca
745 426 982 466 Geometriae
1000 429 1039 466 &
1059 423 1246 486 Algebrae
1259 423 1516 480 theoremata,

289 505 354 531 aur
371 486 619 549 problemata
639 489 838 529 enuntiare
861 500 1094 538 contentus,
1112 486 1255 528 horum
1273 486 1519 530 demonstra-

290 553 419 592 tiones
436 564 480 590 ut
499 552 540 591 in
559 547 666 589 libris
690 551 770 604 jam
789 546 920 599 editis,
940 561 1006 588 aut
1027 546 1184 589 edendis
1204 546 1517 608 comprehensas,

289 614 460 653 omnino
484 607 722 652 omittendas
733 607 902 664 judicavi
917 643 929 661 ‚
949 624 999 650 ne
1017 609 1149 650 adium
1169 624 1322 669 agerem
1340 644 1352 661 ,
1373 624 1437 652 aut
1452 626 1520 654 eos

289 675 356 732 qui
372 675 411 713 in
423 671 481 713 his
498 668 708 732 disciplinis
723 672 851 712 minus
870 666 959 712 sunt
978 672 1189 723 exercitati,
1205 668 1254 713 ab
1271 668 1385 727 hujus
1396 675 1520 732 operis

292 731 466 776 lee'tione
487 732 734 774 deterrerem.

349 793 558 839 Nonnulla
581 790 862 855 proculdubio
882 807 1090 835 occurrent
1108 807 1194 852 quae
1220 797 1406 836 novitatis
1432 809 1523 855 gra-

295 861 390 900 tiam
414 859 491 911 jam
508 870 695 898 exuerunt
715 874 722 897 :
743 850 808 896 sed
826 853 1007 914 pleraque
1026 869 1071 896 ex
1090 857 1134 895 iis
1161 869 1245 896 tum
1264 870 1369 898 nova
1383 871 1491 899 erant
1508 891 1519 909 ,

295 933 385 961 cum
401 914 561 959 fuerunt
579 913 778 978 proposita
796 933 806 963 ·‚
822 914 940 974 idque
958 931 1114 974 aequum
1130 913 1304 967 videtur,
1322 933 1365 959 ut
1383 932 1523 960 eorum

292 977 514 1024 Autoribus
530 976 617 1019 suus
635 977 823 1019 habeatur
841 975 972 1018 honos
981 1009 993 1028 ‚
1006 982 1046 1018 ἃ
1060 975 1164 1017 diem
1182 972 1305 1036 ipsum
1321 1012 1332 1029 ‚
1345 994 1426 1038 quo
1442 982 1523 1039 pri„

293 1055 405 1084 mum
433 1053 570 1081 eorum
589 1034 691 1081 fasta
708 1036 762 1081 est
794 1039 971 1087 mentio,
995 1036 1086 1079 huic
1103 1052 1230 1078 rerum
1247 1041 1288 1078 in
1307 1037 1523 1082 Academia

294 1100 488 1162 gestarum
517 1101 731 1142 narrationi
750 1131 763 1150 ,
797 1113 840 1139 ac
868 1111 1020 1156 tempus
1043 1095 1209 1140 adscribi
1246 1102 1426 1159 oportuit
1444 1135 1456 1152 ‚
1478 1116 1523 1144 ut

295 1177 487 1222 quantum
501 1158 566 1203 illa
587 1158 801 1202 naturalem
822 1157 1140 1219 Philosophiam,
1164 1164 1202 1200 ὃς
1219 1158 1522 1205 Mathematicas

298 1220 517 1284 disciplinas
532 1224 777 1284 promoverit
797 1254 809 1272 ,
826 1218 954 1276 palam
973 1218 1161 1261 omnibus
1182 1217 1302 1262 fieret.

350 1286 588 1341 Qtuorin
606 1282 746 1326 Libros
764 1280 844 1324 hoc
857 1283 998 1341 Operis
1015 1279 1213 1322 dividitur.
1227 1284 1274 1323 In
1292 1286 1421 1343 primo
1438 1300 1523 1344 quae

299 1348 383 1391 aesta
403 1344 492 1388 sunt
511 1342 561 1387 ab
579 1347 683 1385 exitu
700 1345 792 1386 anni
809 1352 901 1384 1666
923 1341 971 1383 ad
990 1344 1146 1383 initium
1168 1342 1288 1402 usque
1309 1347 1401 1384 anni
1416 1359 1525 1399 1675,

299 1411 554 1449 continentur
574 1424 582 1446 :
613 1403 811 1447 Secundus
833 1401 881 1444 ad
904 1418 1053 1444 annum
1078 1403 1199 1464 usque
1223 1410 1336 1456 1684:
1365 1406 1525 1448 Tertius

299 1468 347 1509 ad
363 1482 511 1510 annum
533 1476 624 1518 1692
653 1462 914 1529 progreditur.
943 1463 1162 1509 Postremus
1185 1467 1227 1507 in
1246 1480 1394 1508 annum
1424 1476 1467 1509 16
1471 1478 1523 1518 96

300 1525 454 1573 desinit.
