1638 2345
307 137 370 167 302
634 120 819 155 REGIAE
863 118 1262 153 SCIENTIARUM

195 173 286 203 Am.
302 170 408 202 dorum
426 166 536 200 morsus'
558 180 565 199 :
586 168 725 210 exsugunt
750 163 919 207 sanguinem
946 166 976 194 δέ
1003 163 1087 195 salem
1109 162 1221 195 vulneri
1246 167 1401 209 imponunt
1421 178 1486 197 cum
1503 165 1538 197 li-

199 222 288 256 1693.
308 224 418 258 gatura.
798 254 802 258 Ι
1071 253 1076 258 ¹
1485 255 1489 258 .

351 258 419 288 111.
457 257 490 287 In
505 266 563 298 quo
580 251 703 296 positum
723 249 756 282 fit
775 262 852 283 virus
867 253 973 295 viperae
985 273 994 287 ‚
1017 261 1052 282 an
1069 263 1099 282 in
1118 251 1200 282 succo
1222 251 1298 284 flavo
1320 254 1393 283 intra
1412 252 1541 283 donnum

308 311 377 332 cava
398 309 534 330 contento
548 320 556 332 ,
579 307 610 328 ut
634 296 746 326 videtur
769 295 809 326 D.
831 295 930 330 Redi,
955 305 990 325 an
1002 297 1033 324 in
1053 293 1196 338 spiritibus
1209 298 1312 341 vipctae
1335 297 1468 330 irritatis,
1492 296 1544 326 diu

309 347 446 386 agitatum
469 344 533 373 fuit.
561 341 602 370 D.
625 340 733 370 Charas
749 339 895 382 posteriori
915 337 1067 369 accedebat
1083 337 1245 375 sententiat,
1270 351 1356 381 quarn
1376 341 1405 368 in
1423 338 1488 370 libri
1506 339 1547 370 sui

309 387 345 418 dc
355 390 451 428 vipera
470 385 609 427 postrema
621 382 747 413 editione
759 405 765 417 ,
779 393 812 413 ex
831 385 865 413 iis
877 393 939 425 quae
954 379 1005 412 sibi
1019 381 1181 413 acciderunt
1194 381 1308 413 uberius
1322 380 1483 415 confirmat.

357 431 428 459 Haec
449 428 566 470 quxstio
587 425 711 458 multum
731 429 761 456 δ(
777 425 826 456 diu
843 425 980 457 ventilata
1001 423 1055 456 fuit
1067 447 1076 460 ,
1096 436 1179 468 atque
1194 437 1228 456 ex
1244 428 1329 457 variis
1348 427 1550 469 experimentis

311 471 386 503 illius
402 470 506 502 solutio
526 468 661 513 quaefita:
678 480 733 512 qua
748 468 784 499 de
802 480 831 499 re
850 469 977 512 superius
996 471 1114 510 egimus.

357 517 423 545 IV.
465 515 530 545 Nec
546 515 651 544 minori
672 516 838 543 animorum
854 514 1040 543 contentione
1061 510 1096 541 de
1120 511 1302 555 respiratione
1319 515 1348 542 in
1371 512 1446 542 foetu
1468 515 1499 543 δε
1520 515 1550 543 in

313 557 451 589 testudine
466 579 476 593 ‚
501 568 532 588 ac
551 556 586 586 de
598 554 649 587 usu
663 554 756 586 ovalis
773 554 923 586 foraminis
940 578 948 591 ‚
969 553 1048 596 quod
1059 565 1134 597 patet
1150 554 1166 584 a
1186 554 1338 586 ventriculi
1351 555 1442 586 dextri
1456 555 1552 586 cordis

313 600 438 631 auricula
452 600 486 631 ad
506 611 609 631 venam
631 598 804 642 pulmonum
817 621 827 634 ,
848 597 884 630 de
902 598 994 629 canali
1011 599 1061 642 qui
1078 597 1114 628 ab
1131 600 1241 630 arteriae
1254 598 1426 642 pulmonum
1449 609 1552 629 trunco

314 647 343 674 in
358 646 479 675 Αοῐωιῃ
497 642 714 674 descendentem
727 640 848 677 definit,
870 643 944 672 inter
961 639 1141 685 peritiffitnos
1160 643 1349 673 Anatomicos
1364 642 1556 686 disceptatum

316 687 383 719 fuit.
417 688 527 719 Utrum
548 690 566 718 ii
590 686 691 717 duetus
709 684 888 716 circulationi
909 684 1052 727 sanguinis
1072 687 1110 715 ita
1130 683 1183 715 fint
1198 684 1325 716 destinati
1338 707 1347 720 ‚
1367 696 1397 717 ut
1419 684 1507 715 foetus
1522 689 1554 717 δε

317 730 425 762 testudo
441 731 489 761 diu
508 733 605 761 vivant
625 728 812 773 pulmonibus
829 732 949 759 omnino
973 727 1141 758 ccffantibus
1154 750 1164 763 ,
1180 727 1260 770 quod
1281 728 1407 771 sanguini
1429 740 1478 771 pet
1501 728 1555 760 hos

317 773 418 804 ductus
439 774 510 805 liber
526 784 617 816 pateat
635 774 727 804 aditus
748 772 763 802 εὶ
780 783 853 802 vena
871 783 938 802 cava
954 771 992 802 ad
1011 782 1112 801 venam
1135 771 1303 814 pulmonum
1315 794 1324 807 ,
1351 775 1381 803 δέ
1405 771 1442 803 ab
1453 774 1555 802 arteria

319 817 491 861 pulmonum
508 821 538 848 in
551 817 672 847 Aortarn
692 823 702 846 ³
722 827 756 845 an
776 814 850 847 forte
872 814 959 846 alium
980 814 1102 846 habeant
1113 814 1193 845 usum
1217 820 1227 846 ἕ
1249 814 1325 846 Illud
1345 815 1464 858 quidem
1479 817 1556 847 circs

318 860 398 891 usum
420 860 609 904 respirationis
634 860 675 889 D.
688 860 772 900 Mery
794 861 823 888 in
841 859 921 888 Actis
941 857 1043 888 mensis
1063 861 1164 890 Martii
1190 870 1264 901 μμ
1284 859 1433 890 contendit
1449 857 1557 891 foetum

319 906 349 933 in
364 906 453 933 'utero
467 906 563 934 mattis
581 902 746 933 conclusum
768 913 817 943 pet
832 904 929 932 matris
955 901 1107 944 pulmones
1125 901 1257 946 respirare
1271 925 1279 937 ‚
1302 913 1393 945 neque
1407 901 1442 933 ad
1454 903 1557 932 circui-

320 956 383 976 tum
399 947 543 989 sanguinis
562 948 655 976 minus
673 943 855 975 necessariam
869 943 922 974 effe
934 944 1150 987 respirationem
1165 948 1193 976 in
1213 943 1305 980 foexu,
1319 956 1405 987 quam
1418 948 1447 975 in
1468 955 1561 976 matre

321 988 380 1031 ipsa
398 1000 406 1023 ·‚
427 989 566 1032 siquidem
589 987 637 1018 ille
654 999 702 1031 per
726 986 886 1030 placentam
909 991 982 1018 uteri
1003 991 1124 1018 materni
1146 987 1237 1018 fundo
1252 987 1488 1019 adhaerescentem
1502 999 1559 1018 una

321 1043 386 1063 cum
411 1036 508 1064 mitris
531 1042 651 1075 corpore
671 1034 711 1062 ita
728 1032 909 1061 connectitur
921 1053 930 1066 ‚
952 1041 982 1062 ut
997 1042 1046 1074 pet
1060 1029 1218 1062 fiiniculum
1232 1030 1429 1062 umbilicalem
1444 1057 1453 1067 ‚
1476 1034 1559 1074 cujus

322 1087 483 1106 extremum
505 1087 594 1107 unum
615 1077 645 1105 in
663 1073 822 1117 placentam
836 1100 844 1110 ,
868 1073 988 1105 alterum
1010 1077 1038 1105 in
1054 1074 1222 1106 umbilicum
1246 1073 1346 1105 definit
1361 1101 1369 1113 ,
1390 1074 1557 1116 sanguinem

323 1122 444 1161 excipiat
463 1131 511 1161 per
523 1130 625 1149 venam
645 1116 838 1148 umbilicalem
854 1140 863 1153 ‚
883 1121 961 1160 cujus
975 1118 1085 1149 radices
1103 1122 1130 1149 in
1150 1118 1277 1162 placenta
1303 1117 1485 1149 suntdiffusae
1498 1144 1507 1154 ,
1528 1128 1559 1148 ac

323 1162 446 1192 viciilini
474 1162 638 1204 sanguinem
661 1172 708 1204 per
729 1160 873 1204 duplicem
895 1164 1028 1192 arteriam
1046 1164 1076 1192 in
1096 1162 1214 1192 eandem
1236 1159 1365 1192 effundat
1388 1161 1562 1204 placentam-

326 1207 407 1236 Vena
427 1204 592 1249 sanguinem
612 1205 646 1235 ab
659 1207 764 1234 arteriis
777 1207 849 1234 uteri
863 1207 969 1248 excipit
982 1227 991 1241 ,
1005 1217 1088 1248 atque
1103 1205 1138 1235 ab
1153 1216 1270 1248 utraque
1282 1208 1383 1235 arteria
1400 1203 1559 1236 umbilicali

327 1248 438 1290 sanguis
458 1249 548 1280 foetfis
570 1252 598 1278 in
614 1247 772 1289 placentam
786 1269 795 1282 ,
816 1247 883 1277 hinc
896 1250 925 1277 in
943 1260 1027 1279 venas
1046 1251 1118 1279 uteri
1138 1260 1254 1280 remeat.

375 1295 413 1322 V.
451 1292 484 1322 ld
512 1302 580 1322 vero
604 1291 674 1332 saepe
694 1288 747 1318 fuit
765 1289 781 1318 ὲ
807 1292 847 1320 D.
872 1291 957 1331 Mery
979 1291 1160 1322 observatum
1183 1316 1191 1326 ‚
1221 1294 1250 1321 in
1276 1303 1353 1334 parte
1374 1290 1494 1322 funiculi
1521 1293 1560 1321 ita

327 1334 501 1378 compressa,
520 1345 550 1364 ut
570 1345 628 1363 non
642 1330 727 1375 poffit
751 1330 860 1373 sanguis
878 1332 913 1362 ab
931 1344 1010 1364 utero
1022 1336 1117 1364 matris
1139 1337 1166 1364 in
1181 1333 1285 1365 foetum
1306 1345 1465 1365 commeare
1480 1360 1488 1370 ,
1503 1334 1562 1364 sta-

327 1388 380 1407 tim
400 1376 540 1407 infantem
559 1377 709 1417 extingui,
726 1373 746 1404 fi
761 1385 844 1418 caput
867 1377 940 1406 intra
954 1387 1064 1408 uterum
1079 1376 1124 1408 vel
1148 1376 1225 1408 illius
1246 1376 1373 1408 canalem
1392 1377 1562 1408 conclusum

328 1430 463 1452 teneatur.
498 1421 538 1451 At
563 1418 582 1450 si
610 1418 686 1449 foras
699 1420 798 1449 exierit
821 1429 904 1461 caput
921 1441 931 1454 ‚
950 1430 1008 1449 non
1026 1431 1172 1464 propterea
1194 1424 1313 1452 moritur
1330 1419 1424 1450 infans
1437 1443 1445 1455 ‚
1466 1431 1562 1462 quan-

329 1466 435 1494 tumvis
448 1462 591 1495 funiculus
609 1472 751 1506 prematur
766 1460 783 1491 a
800 1460 910 1504 reliquo
924 1473 1045 1505 corpore
1063 1466 1091 1494 in
1107 1463 1168 1507 ipso
1179 1463 1292 1495 transitu
1309 1465 1441 1494 afflatus.
1467 1465 1563 1506 Atque

328 1508 412 1547 liujus
431 1506 548 1538 effeetus
564 1509 611 1536 vix
633 1505 688 1535 alia
704 1503 798 1536 afferri
820 1504 899 1535 causa
922 1507 1031 1548 potest,
1061 1518 1147 1549 quam
1169 1507 1358 1550 respirationis
1378 1510 1406 1538 in
1435 1506 1509 1538 foetu
1531 1518 1563 1537 ut

329 1552 359 1580 in
376 1562 466 1580 matre
484 1548 629 1580 neceffitas
644 1571 653 1584 ‚
674 1548 746 1579 adeo
765 1559 795 1579 ut
813 1549 862 1578 a'e't
882 1560 938 1578 una
961 1560 1026 1580 cum
1040 1548 1171 1593 [inguine
1188 1562 1316 1582 materno
1335 1551 1482 1593 permistus
1503 1553 1564 1581 cir-

329 1596 436 1624 cuitum
455 1592 596 1635 sanguinis
615 1595 643 1622 in
663 1590 736 1623 foetu
748 1603 916 1635 promoveat
931 1612 938 1626 ‚
956 1593 1024 1624 dum
1041 1593 1190 1636 pulmones
1204 1597 1328 1624 omnino
1339 1593 1455 1624 ccsshvt.

373 1636 450 1666 Cum
472 1648 565 1667 autem
588 1639 617 1667 in
640 1647 722 1679 partu
745 1646 796 1666 cor
814 1634 930 1666 infantis
955 1635 1018 1666 satis
1046 1636 1130 1667 habet
1154 1637 1265 1668 roboris
1283 1649 1313 1667 ut
1335 1637 1479 1679 sanguinis
1507 1639 1563 1667 eir-

332 1681 438 1710 cuitum
461 1678 565 1711 efficiat
581 1702 590 1715 ‚
610 1691 641 1710 ac
658 1681 750 1723 capite
769 1677 843 1709 foras
859 1678 972 1722 prolato
989 1680 1099 1719 spiritus
1122 1680 1259 1711 animales
1278 1681 1362 1721 hujus
1383 1691 1478 1711 motus
1496 1683 1562 1724 opi-

331 1721 399 1752 fices
420 1726 476 1753 vim
501 1723 577 1754 suain
595 1733 733 1758 exerunt,
759 1721 904 1765 sanguinis
924 1723 1070 1754 circulatio
1092 1735 1151 1754 non
1173 1723 1295 1767 amplius
1318 1723 1333 1753 a
1347 1734 1476 1754 materno
1489 1735 1561 1766 pen-

333 1765 380 1796 det
407 1765 549 1808 sanguine.

378 1812 401 1838 V
417 1812 439 1839 1.
483 1812 580 1853 Itaque
607 1822 628 1840 is
657 1809 778 1851 negabat
803 1813 831 1840 in
861 1809 935 1840 foetu
956 1809 1033 1840 hunc
1060 1809 1112 1840 effe
1138 1808 1218 1840 usum
1240 1809 1331 1841 ovalis
1356 1809 1506 1841 foram-'nis
1529 1812 1563 1841 δε

334 1851 439 1883 canalis
468 1855 539 1883 inter
575 1856 707 1883 arteriam
734 1853 908 1896 pulmonum
927 1856 956 1884 &
978 1864 1089 1883 ,τοτε-πῃ
1111 1875 1122 1888 ,
1142 1864 1172 1884 ut
1203 1853 1393 1896 respirationis
1416 1854 1562 1885 defcekum

335 1894 481 1939 suppleant
504 1910 510 1928 :
539 1894 677 1939 liquidem
698 1897 754 1926 una
775 1908 841 1927 cum
863 1907 952 1928 matre
974 1895 1091 1940 respirat
1113 1900 1142 1927 δε
1161 1908 1250 1928 unum
1273 1897 1350 1928 velut
1371 1909 1474 1941 corpus
1497 1908 1562 1928 curn

337 1938 384 1970 illa
398 1938 496 1970 efficit.
526 1941 608 1971 Nam
625 1939 674 1970 ubi
697 1942 767 1969 affin<
786 1944 994 1971 commercium
1013 1943 1040 1971 in
1064 1939 1181 1970 funiculi
1205 1938 1343 1983 prcffionc
1364 1944 1562 1984 intercipitur,

336 1983 427 2014 statim
446 1986 467 2013 is
488 1986 616 2014 motitur.
639 1985 718 2024 Qin
737 1985 820 2012 ctiam
836 1984 951 2013 infantis
974 1986 1063 2026 capite
1085 1983 1160 2013 foas
1177 1983 1334 2025 prorltunte
1349 2006 1357 2019 ‚
1382 1988 1411 2015 δι
1431 1981 1560 2014 funiculo

337 2026 371 2057 ab
387 2029 467 2057 omni
481 2025 618 2069 pressione
638 2026 729 2057 libero
741 2047 750 2060 ,
778 2025 867 2068 siquid
885 2025 974 2057 obstet
985 2028 1138 2067 quominus
1156 2040 1203 2057 ore
1221 2027 1305 2057 ducat
1326 2031 1409 2064 aera,
1428 2027 1516 2057 statim
1537 2028 1563 2055 is

335 2073 430 2101 vivere
449 2069 549 2101 desinit
569 2093 578 2106 ,
608 2068 715 2101 tametsi
737 2071 766 2100 ὅ(
789 2069 917 2100 foramen
940 2070 1021 2101 ovale
1045 2073 1075 2100 δε
1098 2070 1200 2101 canalis
1225 2070 1274 2101 diu
1291 2082 1390 2114 patent
1409 2070 1559 2113 postquam

334 2124 416 2144 natus
439 2114 475 2144 cst
498 2113 598 2145 infans.
