<?xml version="1.0" encoding="UTF-8"?>
<!DOCTYPE html PUBLIC "-//W3C//DTD XHTML 1.0 Transitional//EN"
    "http://www.w3.org/TR/xhtml1/DTD/xhtml1-transitional.dtd">
<html xmlns="http://www.w3.org/1999/xhtml" xml:lang="en" lang="en">
 <head>
  <title>
</title>
<meta http-equiv="Content-Type" content="text/html;charset=utf-8" />
  <meta name='ocr-system' content='tesseract 3.04.00' />
  <meta name='ocr-capabilities' content='ocr_page ocr_carea ocr_par ocr_line ocrx_word'/>
</head>
<body>
  <div class='ocr_page' id='page_1' title='image "./regiscientiaru98duha_0199.png"; bbox 0 0 1638 2345; ppageno 0'>
   <div class='ocr_carea' id='block_1_1' title="bbox 266 88 1286 135">
    <p class='ocr_par' dir='ltr' id='par_1_1' title="bbox 266 88 1286 135">
     <span class='ocr_line' id='line_1_1' title="bbox 266 88 1286 135; baseline 0.009 -15"><span class='ocrx_word' id='word_1_1' title='bbox 266 88 564 124; x_wconf 69' lang='lat' dir='ltr'>‘ACADEM1AE</span> <span class='ocrx_word' id='word_1_2' title='bbox 599 93 1086 126; x_wconf 76' lang='lat' dir='ltr'>HISTORIA.L1B.H.</span> <span class='ocrx_word' id='word_1_3' title='bbox 1230 107 1286 135; x_wconf 73' lang='lat'>177</span> 
     </span>
    </p>
   </div>
   <div class='ocr_carea' id='block_1_2' title="bbox 54 129 1379 2112">
    <p class='ocr_par' dir='ltr' id='par_1_2' title="bbox 55 129 1379 266">
     <span class='ocr_line' id='line_1_2' title="bbox 57 129 1379 187; baseline 0.005 -24"><span class='ocrx_word' id='word_1_4' title='bbox 57 129 178 173; x_wconf 58' lang='lat' dir='ltr'>higna,</span> <span class='ocrx_word' id='word_1_5' title='bbox 199 142 337 174; x_wconf 84' lang='lat' dir='ltr'>quantum</span> <span class='ocrx_word' id='word_1_6' title='bbox 358 136 395 165; x_wconf 87' lang='lat' dir='ltr'>est</span> <span class='ocrx_word' id='word_1_7' title='bbox 418 136 539 166; x_wconf 81' lang='lat' dir='ltr'>arenula:</span> <span class='ocrx_word' id='word_1_8' title='bbox 560 147 679 178; x_wconf 82' lang='lat' dir='ltr'>granum</span> <span class='ocrx_word' id='word_1_9' title='bbox 708 135 925 167; x_wconf 78' lang='lat' dir='ltr'>innumerabilia</span> <span class='ocrx_word' id='word_1_10' title='bbox 947 148 1018 179; x_wconf 85' lang='lat' dir='ltr'>pene</span> <span class='ocrx_word' id='word_1_11' title='bbox 1041 140 1199 169; x_wconf 81' lang='lat' dir='ltr'>contineret</span> <span class='ocrx_word' id='word_1_12' title='bbox 1224 143 1281 170; x_wconf 72' lang='lat' dir='ltr'>ani</span> <span class='ocrx_word' id='word_1_13' title='bbox 1304 144 1379 187; x_wconf 69' lang='lat' dir='ltr'>Phy-</span> 
     </span>
     <span class='ocr_line' id='line_1_3' title="bbox 57 174 1364 227; baseline 0.006 -23"><span class='ocrx_word' id='word_1_14' title='bbox 57 174 190 208; x_wconf 78' lang='lat' dir='ltr'>malcula.</span> <span class='ocrx_word' id='word_1_15' title='bbox 221 178 254 206; x_wconf 90' lang='lat' dir='ltr'>In</span> <span class='ocrx_word' id='word_1_16' title='bbox 278 177 348 207; x_wconf 72' lang='lat' dir='ltr'>vasis</span> <span class='ocrx_word' id='word_1_17' title='bbox 368 177 559 210; x_wconf 75' lang='lat' dir='ltr'>deferentibus</span> <span class='ocrx_word' id='word_1_18' title='bbox 588 178 656 221; x_wconf 67' lang='lat' dir='ltr'>gilli</span> <span class='ocrx_word' id='word_1_19' title='bbox 681 178 830 220; x_wconf 74' lang='lat' dir='ltr'>gallinacei</span> <span class='ocrx_word' id='word_1_20' title='bbox 856 191 914 209; x_wconf 82' lang='lat' dir='ltr'>non</span> <span class='ocrx_word' id='word_1_21' title='bbox 941 182 1084 209; x_wconf 80' lang='lat' dir='ltr'>minorem</span> <span class='ocrx_word' id='word_1_22' title='bbox 1114 180 1286 211; x_wconf 57' lang='lat' dir='ltr'>institorum</span> <span class='ocrx_word' id='word_1_23' title='bbox 1297 189 1364 227; x_wconf 71' lang='lat' dir='ltr'>fica,</span> 
     </span>
     <span class='ocr_line' id='line_1_4' title="bbox 55 218 1286 266; baseline 0.006 -19"><span class='ocrx_word' id='word_1_24' title='bbox 55 226 120 257; x_wconf 86' lang='lat' dir='ltr'>quae</span> <span class='ocrx_word' id='word_1_25' title='bbox 140 218 278 261; x_wconf 85' lang='lat' dir='ltr'>anguillas</span> <span class='ocrx_word' id='word_1_26' title='bbox 298 219 476 256; x_wconf 74' lang='lat' dir='ltr'>referebant,</span> <span class='ocrx_word' id='word_1_27' title='bbox 502 221 715 252; x_wconf 74' lang='lat' dir='ltr'>multitudinem</span> <span class='ocrx_word' id='word_1_28' title='bbox 736 221 934 264; x_wconf 79' lang='lat' dir='ltr'>deprehendit.</span> <span class='ocrx_word' id='word_1_29' title='bbox 965 224 1043 252; x_wconf 89' lang='lat' dir='ltr'>Tum</span> <span class='ocrx_word' id='word_1_30' title='bbox 1059 221 1286 266; x_wconf 76' lang='lat' dir='ltr'>MiCtoscopiurn</span> 
     </span>
    </p>

    <p class='ocr_par' dir='ltr' id='par_1_3' title="bbox 57 259 800 306">
     <span class='ocr_line' id='line_1_5' title="bbox 57 259 800 306; baseline 0.007 -17"><span class='ocrx_word' id='word_1_31' title='bbox 57 259 108 290; x_wconf 88' lang='lat' dir='ltr'>usu</span> <span class='ocrx_word' id='word_1_32' title='bbox 125 265 214 303; x_wconf 85' lang='lat' dir='ltr'>magis</span> <span class='ocrx_word' id='word_1_33' title='bbox 233 263 395 304; x_wconf 85' lang='lat' dir='ltr'>expeditum</span> <span class='ocrx_word' id='word_1_34' title='bbox 419 267 589 305; x_wconf 81' lang='lat' dir='ltr'>excogitavit</span> <span class='ocrx_word' id='word_1_35' title='bbox 613 265 653 294; x_wconf 94' lang='lat' dir='ltr'>D.</span> <span class='ocrx_word' id='word_1_36' title='bbox 670 266 800 306; x_wconf 71' lang='lat' dir='ltr'>Hugens.</span> 
     </span>
    </p>

    <p class='ocr_par' dir='ltr' id='par_1_4' title="bbox 55 303 1289 647">
     <span class='ocr_line' id='line_1_6' title="bbox 100 303 1286 349; baseline 0.006 -17"><span class='ocrx_word' id='word_1_37' title='bbox 100 303 252 335; x_wconf 83' lang='lat' dir='ltr'>Pulverem</span> <span class='ocrx_word' id='word_1_38' title='bbox 268 309 316 348; x_wconf 86' lang='lat' dir='ltr'>qui</span> <span class='ocrx_word' id='word_1_39' title='bbox 337 306 433 337; x_wconf 87' lang='lat' dir='ltr'>multis</span> <span class='ocrx_word' id='word_1_40' title='bbox 454 307 523 336; x_wconf 65' lang='lat' dir='ltr'>inest</span> <span class='ocrx_word' id='word_1_41' title='bbox 541 305 660 337; x_wconf 83' lang='lat' dir='ltr'>floribus</span> <span class='ocrx_word' id='word_1_42' title='bbox 674 331 680 341; x_wconf 91' lang='lat'>‚</span> <span class='ocrx_word' id='word_1_43' title='bbox 700 306 932 349; x_wconf 81' lang='lat' dir='ltr'>conspiciendum</span> <span class='ocrx_word' id='word_1_44' title='bbox 956 308 1085 339; x_wconf 80' lang='lat' dir='ltr'>exhibuit</span> <span class='ocrx_word' id='word_1_45' title='bbox 1109 310 1150 339; x_wconf 90' lang='lat' dir='ltr'>D.</span> <span class='ocrx_word' id='word_1_46' title='bbox 1165 309 1286 345; x_wconf 57' lang='lat' dir='ltr'>Picarcb,</span> 
     </span>
     <span class='ocr_line' id='line_1_7' title="bbox 57 345 1286 392; baseline 0.006 -16"><span class='ocrx_word' id='word_1_47' title='bbox 57 345 120 386; x_wconf 85' lang='lat' dir='ltr'>Qi</span> <span class='ocrx_word' id='word_1_48' title='bbox 139 351 252 389; x_wconf 81' lang='lat' dir='ltr'>majoris</span> <span class='ocrx_word' id='word_1_49' title='bbox 269 348 435 390; x_wconf 77' lang='lat' dir='ltr'>heliotropii</span> <span class='ocrx_word' id='word_1_50' title='bbox 458 348 523 379; x_wconf 81' lang='lat' dir='ltr'>flori</span> <span class='ocrx_word' id='word_1_51' title='bbox 548 350 711 380; x_wconf 78' lang='lat' dir='ltr'>adhaercscit</span> <span class='ocrx_word' id='word_1_52' title='bbox 727 372 735 385; x_wconf 90' lang='lat'>‚</span> <span class='ocrx_word' id='word_1_53' title='bbox 759 352 774 381; x_wconf 77' lang='grc' dir='ltr'>ὲ</span> <span class='ocrx_word' id='word_1_54' title='bbox 797 349 921 392; x_wconf 76' lang='lat' dir='ltr'>globulis</span> <span class='ocrx_word' id='word_1_55' title='bbox 939 353 1068 387; x_wconf 85' lang='lat' dir='ltr'>constat,</span> <span class='ocrx_word' id='word_1_56' title='bbox 1089 353 1119 382; x_wconf 79' lang='lat' dir='ltr'>hi</span> <span class='ocrx_word' id='word_1_57' title='bbox 1142 352 1235 382; x_wconf 78' lang='lat' dir='ltr'>radios</span> <span class='ocrx_word' id='word_1_58' title='bbox 1254 365 1286 383; x_wconf 86' lang='lat' dir='ltr'>ex</span> 
     </span>
     <span class='ocr_line' id='line_1_8' title="bbox 58 387 1289 436; baseline 0.006 -18"><span class='ocrx_word' id='word_1_59' title='bbox 58 387 87 419; x_wconf 87' lang='lat' dir='ltr'>se</span> <span class='ocrx_word' id='word_1_60' title='bbox 110 388 231 421; x_wconf 91' lang='lat' dir='ltr'>fundunt</span> <span class='ocrx_word' id='word_1_61' title='bbox 258 407 265 428; x_wconf 80' lang='lat'>3</span> <span class='ocrx_word' id='word_1_62' title='bbox 291 394 320 420; x_wconf 88' lang='lat' dir='ltr'>in</span> <span class='ocrx_word' id='word_1_63' title='bbox 351 392 462 422; x_wconf 78' lang='lat' dir='ltr'>trifolio</span> <span class='ocrx_word' id='word_1_64' title='bbox 490 392 601 422; x_wconf 85' lang='lat' dir='ltr'>acetoso</span> <span class='ocrx_word' id='word_1_65' title='bbox 623 393 740 434; x_wconf 59' lang='lat' dir='ltr'>granula</span> <span class='ocrx_word' id='word_1_66' title='bbox 763 394 862 424; x_wconf 86' lang='lat' dir='ltr'>itidem</span> <span class='ocrx_word' id='word_1_67' title='bbox 882 394 1001 436; x_wconf 82' lang='lat' dir='ltr'>globosa</span> <span class='ocrx_word' id='word_1_68' title='bbox 1025 406 1179 426; x_wconf 82' lang='lat' dir='ltr'>cernuntur</span> <span class='ocrx_word' id='word_1_69' title='bbox 1199 398 1227 426; x_wconf 89' lang='lat' dir='ltr'>in</span> <span class='ocrx_word' id='word_1_70' title='bbox 1248 395 1289 427; x_wconf 86' lang='lat' dir='ltr'>sui</span> 
     </span>
     <span class='ocr_line' id='line_1_9' title="bbox 57 431 1289 480; baseline 0.006 -19"><span class='ocrx_word' id='word_1_71' title='bbox 57 431 155 462; x_wconf 87' lang='lat' dir='ltr'>medio</span> <span class='ocrx_word' id='word_1_72' title='bbox 176 433 252 475; x_wconf 82' lang='lat' dir='ltr'>quasi</span> <span class='ocrx_word' id='word_1_73' title='bbox 275 433 427 474; x_wconf 80' lang='lat' dir='ltr'>perforata.</span> <span class='ocrx_word' id='word_1_74' title='bbox 458 437 519 476; x_wconf 87' lang='lat' dir='ltr'>Qi</span> <span class='ocrx_word' id='word_1_75' title='bbox 541 438 568 464; x_wconf 88' lang='lat' dir='ltr'>in</span> <span class='ocrx_word' id='word_1_76' title='bbox 589 436 770 478; x_wconf 75' lang='lat' dir='ltr'>papilionum</span> <span class='ocrx_word' id='word_1_77' title='bbox 786 436 836 466; x_wconf 86' lang='lat' dir='ltr'>alis</span> <span class='ocrx_word' id='word_1_78' title='bbox 860 438 928 467; x_wconf 62' lang='lat' dir='ltr'>inest</span> <span class='ocrx_word' id='word_1_79' title='bbox 946 437 1139 479; x_wconf 77' lang='lat' dir='ltr'>pulvisculus,</span> <span class='ocrx_word' id='word_1_80' title='bbox 1159 440 1174 469; x_wconf 81' lang='grc' dir='ltr'>ὲ</span> <span class='ocrx_word' id='word_1_81' title='bbox 1194 441 1289 480; x_wconf 79' lang='lat' dir='ltr'>granis</span> 
     </span>
     <span class='ocr_line' id='line_1_10' title="bbox 55 474 1287 522; baseline 0.006 -19"><span class='ocrx_word' id='word_1_82' title='bbox 55 474 163 505; x_wconf 83' lang='lat' dir='ltr'>constat</span> <span class='ocrx_word' id='word_1_83' title='bbox 192 475 306 507; x_wconf 72' lang='lat' dir='ltr'>radiosis</span> <span class='ocrx_word' id='word_1_84' title='bbox 327 478 511 521; x_wconf 84' lang='lat' dir='ltr'>tricuspiduin</span> <span class='ocrx_word' id='word_1_85' title='bbox 531 476 634 508; x_wconf 86' lang='lat' dir='ltr'>forma.</span> <span class='ocrx_word' id='word_1_86' title='bbox 672 480 783 509; x_wconf 78' lang='lat' dir='ltr'>Extima</span> <span class='ocrx_word' id='word_1_87' title='bbox 809 479 896 522; x_wconf 76' lang='lat' dir='ltr'>paleae</span> <span class='ocrx_word' id='word_1_88' title='bbox 924 480 1121 511; x_wconf 71' lang='lat' dir='ltr'>mtmbranula</span> <span class='ocrx_word' id='word_1_89' title='bbox 1143 481 1228 511; x_wconf 59' lang='lat' dir='ltr'>radiis</span> <span class='ocrx_word' id='word_1_90' title='bbox 1257 485 1287 512; x_wconf 89' lang='lat' dir='ltr'>in</span> 
     </span>
     <span class='ocr_line' id='line_1_11' title="bbox 55 517 1288 567; baseline 0.005 -19"><span class='ocrx_word' id='word_1_91' title='bbox 55 517 179 548; x_wconf 83' lang='lat' dir='ltr'>modum</span> <span class='ocrx_word' id='word_1_92' title='bbox 199 520 323 549; x_wconf 75' lang='lat' dir='ltr'>cochltae</span> <span class='ocrx_word' id='word_1_93' title='bbox 346 520 486 563; x_wconf 77' lang='lat' dir='ltr'>dispositis</span> <span class='ocrx_word' id='word_1_94' title='bbox 501 521 633 551; x_wconf 59' lang='lat' dir='ltr'>distincta</span> <span class='ocrx_word' id='word_1_95' title='bbox 655 533 777 563; x_wconf 79' lang='lat' dir='ltr'>apparet.</span> <span class='ocrx_word' id='word_1_96' title='bbox 803 526 924 553; x_wconf 85' lang='lat' dir='ltr'>Interior</span> <span class='ocrx_word' id='word_1_97' title='bbox 945 523 1046 554; x_wconf 77' lang='lat' dir='ltr'>calami</span> <span class='ocrx_word' id='word_1_98' title='bbox 1069 524 1207 567; x_wconf 81' lang='lat' dir='ltr'>scriptorii</span> <span class='ocrx_word' id='word_1_99' title='bbox 1228 536 1288 555; x_wconf 89' lang='lat' dir='ltr'>me-</span> 
     </span>
     <span class='ocr_line' id='line_1_12' title="bbox 55 559 1288 612; baseline 0.006 -23"><span class='ocrx_word' id='word_1_100' title='bbox 55 559 136 590; x_wconf 85' lang='lat' dir='ltr'>dulla</span> <span class='ocrx_word' id='word_1_101' title='bbox 148 561 232 591; x_wconf 79' lang='lat' dir='ltr'>instar</span> <span class='ocrx_word' id='word_1_102' title='bbox 246 562 356 593; x_wconf 82' lang='lat' dir='ltr'>reticuli</span> <span class='ocrx_word' id='word_1_103' title='bbox 377 567 511 595; x_wconf 83' lang='lat' dir='ltr'>cernitur.</span> <span class='ocrx_word' id='word_1_104' title='bbox 535 566 596 605; x_wconf 83' lang='lat' dir='ltr'>Qi</span> <span class='ocrx_word' id='word_1_105' title='bbox 612 563 731 596; x_wconf 78' lang='lat' dir='ltr'>floribus</span> <span class='ocrx_word' id='word_1_106' title='bbox 747 569 852 596; x_wconf 87' lang='lat' dir='ltr'>ormini</span> <span class='ocrx_word' id='word_1_107' title='bbox 866 566 935 596; x_wconf 83' lang='lat' dir='ltr'>inest</span> <span class='ocrx_word' id='word_1_108' title='bbox 949 565 1042 610; x_wconf 85' lang='lat' dir='ltr'>pulvis</span> <span class='ocrx_word' id='word_1_109' title='bbox 1055 589 1064 602; x_wconf 92' lang='lat'>,</span> <span class='ocrx_word' id='word_1_110' title='bbox 1083 578 1209 610; x_wconf 78' lang='lat' dir='ltr'>pepones</span> <span class='ocrx_word' id='word_1_111' title='bbox 1224 578 1288 612; x_wconf 83' lang='lat' dir='ltr'>apte</span> 
     </span>
     <span class='ocr_line' id='line_1_13' title="bbox 56 602 368 647; baseline 0.013 -15"><span class='ocrx_word' id='word_1_112' title='bbox 56 602 196 634; x_wconf 87' lang='lat' dir='ltr'>formatos</span> <span class='ocrx_word' id='word_1_113' title='bbox 226 609 368 647; x_wconf 85' lang='lat' dir='ltr'>exprimit.</span> 
     </span>
    </p>

    <p class='ocr_par' dir='ltr' id='par_1_5' title="bbox 56 648 1290 734">
     <span class='ocr_line' id='line_1_14' title="bbox 100 648 1290 696; baseline 0.007 -19"><span class='ocrx_word' id='word_1_114' title='bbox 100 648 151 677; x_wconf 87' lang='lat' dir='ltr'>VI</span> <span class='ocrx_word' id='word_1_115' title='bbox 166 648 190 677; x_wconf 93' lang='lat'>1.</span> <span class='ocrx_word' id='word_1_116' title='bbox 224 648 263 677; x_wconf 83' lang='lat' dir='ltr'>D.</span> <span class='ocrx_word' id='word_1_117' title='bbox 283 651 403 691; x_wconf 79' lang='lat' dir='ltr'>Hugens</span> <span class='ocrx_word' id='word_1_118' title='bbox 422 648 563 680; x_wconf 82' lang='lat' dir='ltr'>nonnulla</span> <span class='ocrx_word' id='word_1_119' title='bbox 579 652 652 679; x_wconf 83' lang='lat' dir='ltr'>circa</span> <span class='ocrx_word' id='word_1_120' title='bbox 669 651 742 679; x_wconf 83' lang='lat' dir='ltr'>a&#39;c&#39;ris</span> <span class='ocrx_word' id='word_1_121' title='bbox 759 649 1010 682; x_wconf 83' lang='lat' dir='ltr'>condensationetn</span> <span class='ocrx_word' id='word_1_122' title='bbox 1024 653 1189 696; x_wconf 70' lang='lat' dir='ltr'>proposuit,</span> <span class='ocrx_word' id='word_1_123' title='bbox 1206 666 1290 690; x_wconf 42' lang='lat' dir='ltr'>eumff</span> 
     </span>
     <span class='ocr_line' id='line_1_15' title="bbox 56 689 738 734; baseline 0.006 -16"><span class='ocrx_word' id='word_1_124' title='bbox 56 697 113 730; x_wconf 86' lang='lat' dir='ltr'>que</span> <span class='ocrx_word' id='word_1_125' title='bbox 132 690 212 733; x_wconf 82' lang='lat' dir='ltr'>supra</span> <span class='ocrx_word' id='word_1_126' title='bbox 233 689 321 721; x_wconf 77' lang='lat' dir='ltr'>fidem</span> <span class='ocrx_word' id='word_1_127' title='bbox 337 695 402 733; x_wconf 82' lang='lat' dir='ltr'>cogi</span> <span class='ocrx_word' id='word_1_128' title='bbox 426 690 501 734; x_wconf 80' lang='lat' dir='ltr'>poffe</span> <span class='ocrx_word' id='word_1_129' title='bbox 523 691 738 724; x_wconf 82' lang='lat' dir='ltr'>demonstravit.</span> 
     </span>
    </p>

    <p class='ocr_par' dir='ltr' id='par_1_6' title="bbox 54 732 1291 1038">
     <span class='ocr_line' id='line_1_16' title="bbox 102 732 1289 777; baseline 0.008 -16"><span class='ocrx_word' id='word_1_130' title='bbox 102 733 180 762; x_wconf 86' lang='lat' dir='ltr'>Inter</span> <span class='ocrx_word' id='word_1_131' title='bbox 197 732 250 763; x_wconf 74' lang='lat' dir='ltr'>alia</span> <span class='ocrx_word' id='word_1_132' title='bbox 267 745 370 764; x_wconf 78' lang='lat' dir='ltr'>naturae</span> <span class='ocrx_word' id='word_1_133' title='bbox 392 746 477 777; x_wconf 86' lang='lat' dir='ltr'>opera</span> <span class='ocrx_word' id='word_1_134' title='bbox 496 738 589 765; x_wconf 88' lang='lat' dir='ltr'>minus</span> <span class='ocrx_word' id='word_1_135' title='bbox 608 735 720 777; x_wconf 68' lang='lat' dir='ltr'>vulgata</span> <span class='ocrx_word' id='word_1_136' title='bbox 740 738 780 767; x_wconf 90' lang='lat' dir='ltr'>D.</span> <span class='ocrx_word' id='word_1_137' title='bbox 799 738 914 767; x_wconf 86' lang='lat' dir='ltr'>Bocone</span> <span class='ocrx_word' id='word_1_138' title='bbox 936 736 951 766; x_wconf 75' lang='grc' dir='ltr'>ὲ</span> <span class='ocrx_word' id='word_1_139' title='bbox 972 739 1067 769; x_wconf 83' lang='lat' dir='ltr'>Sicilia</span> <span class='ocrx_word' id='word_1_140' title='bbox 1094 739 1168 770; x_wconf 77' lang='lat' dir='ltr'>misit</span> <span class='ocrx_word' id='word_1_141' title='bbox 1193 740 1227 770; x_wconf 83' lang='lat' dir='ltr'>ad</span> <span class='ocrx_word' id='word_1_142' title='bbox 1246 742 1289 771; x_wconf 50' lang='lat' dir='ltr'>D-</span> 
     </span>
     <span class='ocr_line' id='line_1_17' title="bbox 57 774 1290 822; baseline 0.008 -17"><span class='ocrx_word' id='word_1_143' title='bbox 57 774 187 806; x_wconf 87' lang='lat' dir='ltr'>Perrault</span> <span class='ocrx_word' id='word_1_144' title='bbox 205 776 263 806; x_wconf 86' lang='lat' dir='ltr'>duo</span> <span class='ocrx_word' id='word_1_145' title='bbox 281 777 345 808; x_wconf 79' lang='lat' dir='ltr'>talei</span> <span class='ocrx_word' id='word_1_146' title='bbox 364 781 445 818; x_wconf 81' lang='lat' dir='ltr'>opaci</span> <span class='ocrx_word' id='word_1_147' title='bbox 470 789 591 820; x_wconf 80' lang='lat' dir='ltr'>genera,</span> <span class='ocrx_word' id='word_1_148' title='bbox 615 790 737 821; x_wconf 87' lang='lat' dir='ltr'>quorum</span> <span class='ocrx_word' id='word_1_149' title='bbox 751 791 839 809; x_wconf 87' lang='lat' dir='ltr'>unum</span> <span class='ocrx_word' id='word_1_150' title='bbox 860 779 981 822; x_wconf 88' lang='lat' dir='ltr'>plumbo</span> <span class='ocrx_word' id='word_1_151' title='bbox 1001 793 1060 811; x_wconf 89' lang='lat' dir='ltr'>non</span> <span class='ocrx_word' id='word_1_152' title='bbox 1083 782 1121 812; x_wconf 85' lang='lat' dir='ltr'>est</span> <span class='ocrx_word' id='word_1_153' title='bbox 1142 782 1290 815; x_wconf 80' lang='lat' dir='ltr'>dillimile.</span> 
     </span>
     <span class='ocr_line' id='line_1_18' title="bbox 56 817 1291 869; baseline 0.008 -22"><span class='ocrx_word' id='word_1_154' title='bbox 56 817 176 861; x_wconf 82' lang='lat' dir='ltr'>Duplex</span> <span class='ocrx_word' id='word_1_155' title='bbox 192 830 305 863; x_wconf 88' lang='lat' dir='ltr'>quoque</span> <span class='ocrx_word' id='word_1_156' title='bbox 326 820 448 861; x_wconf 88' lang='lat' dir='ltr'>crystalli</span> <span class='ocrx_word' id='word_1_157' title='bbox 466 832 560 863; x_wconf 73' lang='lat' dir='ltr'>opaca:</span> <span class='ocrx_word' id='word_1_158' title='bbox 580 833 668 863; x_wconf 74' lang='lat' dir='ltr'>genus</span> <span class='ocrx_word' id='word_1_159' title='bbox 681 833 753 856; x_wconf 75' lang='lat' dir='ltr'>3una</span> <span class='ocrx_word' id='word_1_160' title='bbox 779 833 812 853; x_wconf 85' lang='lat'>12</span> <span class='ocrx_word' id='word_1_161' title='bbox 832 822 991 865; x_wconf 80' lang='lat' dir='ltr'>superficies</span> <span class='ocrx_word' id='word_1_162' title='bbox 1005 824 1101 868; x_wconf 86' lang='lat' dir='ltr'>planas</span> <span class='ocrx_word' id='word_1_163' title='bbox 1121 828 1150 856; x_wconf 90' lang='lat'>&amp;</span> <span class='ocrx_word' id='word_1_164' title='bbox 1163 830 1291 869; x_wconf 72' lang='lat' dir='ltr'>triangu-</span> 
     </span>
     <span class='ocr_line' id='line_1_19' title="bbox 54 858 1287 903; baseline 0.006 -12"><span class='ocrx_word' id='word_1_165' title='bbox 54 858 152 897; x_wconf 80' lang='lat' dir='ltr'>lares,</span> <span class='ocrx_word' id='word_1_166' title='bbox 180 863 265 893; x_wconf 80' lang='lat' dir='ltr'>altera</span> <span class='ocrx_word' id='word_1_167' title='bbox 293 865 361 893; x_wconf 66' lang='lat' dir='ltr'>octo</span> <span class='ocrx_word' id='word_1_168' title='bbox 388 866 516 894; x_wconf 84' lang='lat' dir='ltr'>continet</span> <span class='ocrx_word' id='word_1_169' title='bbox 545 876 552 898; x_wconf 80' lang='lat'><em>3</em></span> <span class='ocrx_word' id='word_1_170' title='bbox 583 865 745 895; x_wconf 84' lang='lat' dir='ltr'>Corallium</span> <span class='ocrx_word' id='word_1_171' title='bbox 772 865 873 896; x_wconf 87' lang='lat' dir='ltr'>itidem</span> <span class='ocrx_word' id='word_1_172' title='bbox 905 866 1003 897; x_wconf 74' lang='lat' dir='ltr'>album</span> <span class='ocrx_word' id='word_1_173' title='bbox 1029 871 1058 898; x_wconf 73' lang='grc' dir='ltr'>ὅ(</span> <span class='ocrx_word' id='word_1_174' title='bbox 1096 869 1287 903; x_wconf 82' lang='lat' dir='ltr'>articulatum,</span> 
     </span>
     <span class='ocr_line' id='line_1_20' title="bbox 56 904 1286 949; baseline 0.008 -16"><span class='ocrx_word' id='word_1_175' title='bbox 56 904 193 936; x_wconf 78' lang='lat' dir='ltr'>Maxillas</span> <span class='ocrx_word' id='word_1_176' title='bbox 212 917 325 948; x_wconf 83' lang='lat' dir='ltr'>quoque</span> <span class='ocrx_word' id='word_1_177' title='bbox 346 906 422 936; x_wconf 82' lang='lat' dir='ltr'>illius</span> <span class='ocrx_word' id='word_1_178' title='bbox 447 906 527 949; x_wconf 86' lang='lat' dir='ltr'>piscis</span> <span class='ocrx_word' id='word_1_179' title='bbox 549 910 598 948; x_wconf 88' lang='lat' dir='ltr'>qui</span> <span class='ocrx_word' id='word_1_180' title='bbox 624 908 757 938; x_wconf 76' lang='lat' dir='ltr'>Carcatia</span> <span class='ocrx_word' id='word_1_181' title='bbox 776 911 916 939; x_wconf 82' lang='lat' dir='ltr'>vocitatur</span> <span class='ocrx_word' id='word_1_182' title='bbox 937 909 1066 941; x_wconf 50' lang='lat' dir='ltr'>exhibuit</span> <span class='ocrx_word' id='word_1_183' title='bbox 1083 913 1122 942; x_wconf 90' lang='lat' dir='ltr'>D.</span> <span class='ocrx_word' id='word_1_184' title='bbox 1139 912 1286 947; x_wconf 82' lang='lat' dir='ltr'>Pertault,</span> 
     </span>
     <span class='ocr_line' id='line_1_21' title="bbox 54 949 1287 994; baseline 0.006 -18"><span class='ocrx_word' id='word_1_185' title='bbox 54 957 176 988; x_wconf 77' lang='lat' dir='ltr'>quarum</span> <span class='ocrx_word' id='word_1_186' title='bbox 189 949 325 979; x_wconf 66' lang='lat' dir='ltr'>structura</span> <span class='ocrx_word' id='word_1_187' title='bbox 339 950 376 979; x_wconf 71' lang='lat' dir='ltr'>est</span> <span class='ocrx_word' id='word_1_188' title='bbox 391 952 511 980; x_wconf 86' lang='lat' dir='ltr'>omnino</span> <span class='ocrx_word' id='word_1_189' title='bbox 529 949 686 991; x_wconf 82' lang='lat' dir='ltr'>singularis.</span> <span class='ocrx_word' id='word_1_190' title='bbox 718 952 790 981; x_wconf 77' lang='lat' dir='ltr'>Haec</span> <span class='ocrx_word' id='word_1_191' title='bbox 802 953 831 981; x_wconf 87' lang='lat' dir='ltr'>in</span> <span class='ocrx_word' id='word_1_192' title='bbox 848 955 917 994; x_wconf 87' lang='lat' dir='ltr'>regii</span> <span class='ocrx_word' id='word_1_193' title='bbox 931 953 1006 983; x_wconf 89' lang='lat' dir='ltr'>horti</span> <span class='ocrx_word' id='word_1_194' title='bbox 1021 953 1083 984; x_wconf 84' lang='lat' dir='ltr'>aula</span> <span class='ocrx_word' id='word_1_195' title='bbox 1102 953 1210 986; x_wconf 69' lang='lat' dir='ltr'>sceleris</span> <span class='ocrx_word' id='word_1_196' title='bbox 1223 958 1287 986; x_wconf 78' lang='lat' dir='ltr'>ani.-</span> 
     </span>
     <span class='ocr_line' id='line_1_22' title="bbox 54 990 1095 1038; baseline 0.008 -19"><span class='ocrx_word' id='word_1_197' title='bbox 54 990 174 1020; x_wconf 70' lang='lat' dir='ltr'>malrum</span> <span class='ocrx_word' id='word_1_198' title='bbox 193 1002 254 1033; x_wconf 84' lang='lat' dir='ltr'>quae</span> <span class='ocrx_word' id='word_1_199' title='bbox 272 991 440 1023; x_wconf 78' lang='lat' dir='ltr'>dilsecantut</span> <span class='ocrx_word' id='word_1_200' title='bbox 460 995 487 1022; x_wconf 87' lang='lat' dir='ltr'>in</span> <span class='ocrx_word' id='word_1_201' title='bbox 506 993 660 1023; x_wconf 76' lang='lat' dir='ltr'>Academia</span> <span class='ocrx_word' id='word_1_202' title='bbox 675 994 874 1025; x_wconf 80' lang='lat' dir='ltr'>conservandis</span> <span class='ocrx_word' id='word_1_203' title='bbox 890 996 951 1025; x_wconf 87' lang='lat' dir='ltr'>sunt</span> <span class='ocrx_word' id='word_1_204' title='bbox 967 996 1095 1038; x_wconf 78' lang='lat' dir='ltr'>reposita.</span> 
     </span>
    </p>

    <p class='ocr_par' dir='ltr' id='par_1_7' title="bbox 55 1034 1290 1462">
     <span class='ocr_line' id='line_1_23' title="bbox 101 1034 1288 1081; baseline 0.007 -18"><span class='ocrx_word' id='word_1_205' title='bbox 101 1035 125 1063; x_wconf 98' lang='lat' dir='ltr'>V</span> <span class='ocrx_word' id='word_1_206' title='bbox 140 1036 151 1063; x_wconf 94' lang='grc' dir='ltr'>Ι</span> <span class='ocrx_word' id='word_1_207' title='bbox 166 1036 178 1064; x_wconf 92' lang='grc' dir='ltr'>Ι</span> <span class='ocrx_word' id='word_1_208' title='bbox 192 1037 215 1065; x_wconf 92' lang='lat'>1.</span> <span class='ocrx_word' id='word_1_209' title='bbox 252 1034 405 1065; x_wconf 84' lang='lat' dir='ltr'>Nonnulla</span> <span class='ocrx_word' id='word_1_210' title='bbox 420 1046 535 1076; x_wconf 87' lang='lat' dir='ltr'>quoque</span> <span class='ocrx_word' id='word_1_211' title='bbox 556 1047 589 1065; x_wconf 85' lang='lat' dir='ltr'>ex</span> <span class='ocrx_word' id='word_1_212' title='bbox 604 1047 634 1065; x_wconf 91' lang='lat' dir='ltr'>ea</span> <span class='ocrx_word' id='word_1_213' title='bbox 650 1037 706 1076; x_wconf 65' lang='lat' dir='ltr'>Ph)</span> <span class='ocrx_word' id='word_1_214' title='bbox 716 1035 780 1067; x_wconf 80' lang='lat' dir='ltr'>sices</span> <span class='ocrx_word' id='word_1_215' title='bbox 797 1049 873 1078; x_wconf 85' lang='lat' dir='ltr'>parte</span> <span class='ocrx_word' id='word_1_216' title='bbox 895 1050 957 1081; x_wconf 84' lang='lat' dir='ltr'>qua:</span> <span class='ocrx_word' id='word_1_217' title='bbox 978 1040 1014 1070; x_wconf 82' lang='lat' dir='ltr'>ad</span> <span class='ocrx_word' id='word_1_218' title='bbox 1040 1039 1174 1070; x_wconf 83' lang='lat' dir='ltr'>medendi</span> <span class='ocrx_word' id='word_1_219' title='bbox 1197 1051 1288 1071; x_wconf 69' lang='lat' dir='ltr'>arten-1</span> 
     </span>
     <span class='ocr_line' id='line_1_24' title="bbox 55 1076 1288 1125; baseline 0.006 -19"><span class='ocrx_word' id='word_1_220' title='bbox 55 1076 96 1106; x_wconf 82' lang='lat' dir='ltr'>est</span> <span class='ocrx_word' id='word_1_221' title='bbox 117 1078 349 1115; x_wconf 81' lang='lat' dir='ltr'>accommodata,</span> <span class='ocrx_word' id='word_1_222' title='bbox 366 1090 396 1108; x_wconf 84' lang='lat' dir='ltr'>ut</span> <span class='ocrx_word' id='word_1_223' title='bbox 421 1079 447 1108; x_wconf 84' lang='lat' dir='ltr'>se</span> <span class='ocrx_word' id='word_1_224' title='bbox 465 1078 490 1108; x_wconf 85' lang='lat' dir='ltr'>sc</span> <span class='ocrx_word' id='word_1_225' title='bbox 511 1077 615 1108; x_wconf 85' lang='lat' dir='ltr'>obtulit</span> <span class='ocrx_word' id='word_1_226' title='bbox 633 1080 741 1110; x_wconf 84' lang='lat' dir='ltr'>occasio</span> <span class='ocrx_word' id='word_1_227' title='bbox 758 1102 766 1114; x_wconf 86' lang='lat'>‚</span> <span class='ocrx_word' id='word_1_228' title='bbox 792 1080 936 1111; x_wconf 81' lang='lat' dir='ltr'>interdum</span> <span class='ocrx_word' id='word_1_229' title='bbox 959 1082 1020 1112; x_wconf 90' lang='lat' dir='ltr'>sunt</span> <span class='ocrx_word' id='word_1_230' title='bbox 1044 1082 1195 1125; x_wconf 71' lang='lat' dir='ltr'>proposita.</span> <span class='ocrx_word' id='word_1_231' title='bbox 1231 1087 1288 1114; x_wconf 88' lang='lat' dir='ltr'>Vir</span> 
     </span>
     <span class='ocr_line' id='line_1_25' title="bbox 56 1118 1286 1168; baseline 0.007 -20"><span class='ocrx_word' id='word_1_232' title='bbox 56 1118 172 1151; x_wconf 85' lang='lat' dir='ltr'>Clariff.</span> <span class='ocrx_word' id='word_1_233' title='bbox 186 1126 265 1164; x_wconf 62' lang='lat' dir='ltr'>cuius</span> <span class='ocrx_word' id='word_1_234' title='bbox 277 1133 356 1151; x_wconf 79' lang='lat' dir='ltr'>antea</span> <span class='ocrx_word' id='word_1_235' title='bbox 369 1124 545 1152; x_wconf 83' lang='lat' dir='ltr'>mentionem</span> <span class='ocrx_word' id='word_1_236' title='bbox 562 1121 697 1157; x_wconf 83' lang='lat' dir='ltr'>fecimus,</span> <span class='ocrx_word' id='word_1_237' title='bbox 712 1124 750 1153; x_wconf 92' lang='lat' dir='ltr'>D.</span> <span class='ocrx_word' id='word_1_238' title='bbox 766 1122 835 1164; x_wconf 90' lang='lat' dir='ltr'>Joly</span> <span class='ocrx_word' id='word_1_239' title='bbox 852 1124 1036 1155; x_wconf 77' lang='lat' dir='ltr'>Divionensis</span> <span class='ocrx_word' id='word_1_240' title='bbox 1047 1147 1056 1160; x_wconf 90' lang='lat'>‚</span> <span class='ocrx_word' id='word_1_241' title='bbox 1072 1125 1202 1168; x_wconf 72' lang='lat' dir='ltr'>q==aeiam</span> <span class='ocrx_word' id='word_1_242' title='bbox 1219 1138 1286 1157; x_wconf 87' lang='lat' dir='ltr'>cum</span> 
     </span>
     <span class='ocr_line' id='line_1_26' title="bbox 56 1161 1287 1210; baseline 0.007 -19"><span class='ocrx_word' id='word_1_243' title='bbox 56 1161 214 1194; x_wconf 55' lang='lat' dir='ltr'>Academia</span> <span class='ocrx_word' id='word_1_244' title='bbox 234 1167 475 1198; x_wconf 80' lang='lat' dir='ltr'>communicavit,</span> <span class='ocrx_word' id='word_1_245' title='bbox 498 1176 559 1206; x_wconf 84' lang='lat' dir='ltr'>quae</span> <span class='ocrx_word' id='word_1_246' title='bbox 576 1164 638 1195; x_wconf 87' lang='lat' dir='ltr'>sunt</span> <span class='ocrx_word' id='word_1_247' title='bbox 657 1166 796 1207; x_wconf 67' lang='lat' dir='ltr'>eiusmodi</span> <span class='ocrx_word' id='word_1_248' title='bbox 816 1176 845 1196; x_wconf 89' lang='lat' dir='ltr'>ut</span> <span class='ocrx_word' id='word_1_249' title='bbox 858 1170 1031 1209; x_wconf 76' lang='lat' dir='ltr'>experientia</span> <span class='ocrx_word' id='word_1_250' title='bbox 1047 1168 1227 1210; x_wconf 74' lang='lat' dir='ltr'>comprobari</span> <span class='ocrx_word' id='word_1_251' title='bbox 1245 1171 1287 1200; x_wconf 87' lang='lat' dir='ltr'>fa-</span> 
     </span>
     <span class='ocr_line' id='line_1_27' title="bbox 55 1204 1289 1253; baseline 0.007 -19"><span class='ocrx_word' id='word_1_252' title='bbox 55 1204 110 1235; x_wconf 87' lang='lat' dir='ltr'>cile</span> <span class='ocrx_word' id='word_1_253' title='bbox 123 1205 237 1248; x_wconf 85' lang='lat' dir='ltr'>poffint.</span> <span class='ocrx_word' id='word_1_254' title='bbox 267 1206 343 1237; x_wconf 83' lang='lat' dir='ltr'>Illud</span> <span class='ocrx_word' id='word_1_255' title='bbox 370 1210 509 1250; x_wconf 83' lang='lat' dir='ltr'>imprimis</span> <span class='ocrx_word' id='word_1_256' title='bbox 529 1230 537 1242; x_wconf 91' lang='lat'>‚</span> <span class='ocrx_word' id='word_1_257' title='bbox 559 1207 675 1238; x_wconf 79' lang='lat' dir='ltr'>strumas</span> <span class='ocrx_word' id='word_1_258' title='bbox 698 1212 725 1239; x_wconf 91' lang='lat' dir='ltr'>in</span> <span class='ocrx_word' id='word_1_259' title='bbox 749 1210 919 1251; x_wconf 79' lang='lat' dir='ltr'>Burgundjae</span> <span class='ocrx_word' id='word_1_260' title='bbox 939 1213 969 1240; x_wconf 69' lang='grc' dir='ltr'>δε</span> <span class='ocrx_word' id='word_1_261' title='bbox 991 1211 1158 1253; x_wconf 78' lang='lat' dir='ltr'>Campaniae</span> <span class='ocrx_word' id='word_1_262' title='bbox 1187 1210 1289 1243; x_wconf 84' lang='lat' dir='ltr'>finibus</span> 
     </span>
     <span class='ocr_line' id='line_1_28' title="bbox 55 1247 1287 1295; baseline 0.006 -17"><span class='ocrx_word' id='word_1_263' title='bbox 55 1247 146 1280; x_wconf 80' lang='lat' dir='ltr'>sanari</span> <span class='ocrx_word' id='word_1_264' title='bbox 162 1249 255 1281; x_wconf 83' lang='lat' dir='ltr'>solitas</span> <span class='ocrx_word' id='word_1_265' title='bbox 267 1273 276 1285; x_wconf 92' lang='lat'><em>‚</em></span> <span class='ocrx_word' id='word_1_266' title='bbox 301 1261 366 1280; x_wconf 89' lang='lat' dir='ltr'>cum</span> <span class='ocrx_word' id='word_1_267' title='bbox 383 1250 440 1280; x_wconf 89' lang='lat' dir='ltr'>illis</span> <span class='ocrx_word' id='word_1_268' title='bbox 456 1250 602 1292; x_wconf 83' lang='lat' dir='ltr'>quoddam</span> <span class='ocrx_word' id='word_1_269' title='bbox 616 1251 733 1292; x_wconf 81' lang='lat' dir='ltr'>glutinis</span> <span class='ocrx_word' id='word_1_270' title='bbox 755 1263 843 1294; x_wconf 75' lang='lat' dir='ltr'>gentis</span> <span class='ocrx_word' id='word_1_271' title='bbox 857 1252 1013 1295; x_wconf 77' lang='lat' dir='ltr'>applicatur</span> <span class='ocrx_word' id='word_1_272' title='bbox 1027 1253 1105 1294; x_wconf 85' lang='lat' dir='ltr'>quod</span> <span class='ocrx_word' id='word_1_273' title='bbox 1124 1255 1231 1286; x_wconf 75' lang='lat' dir='ltr'>constat</span> <span class='ocrx_word' id='word_1_274' title='bbox 1254 1267 1287 1285; x_wconf 84' lang='lat' dir='ltr'>ex</span> 
     </span>
     <span class='ocr_line' id='line_1_29' title="bbox 56 1292 1288 1336; baseline 0.005 -14"><span class='ocrx_word' id='word_1_275' title='bbox 56 1294 164 1333; x_wconf 82' lang='lat' dir='ltr'>puriori</span> <span class='ocrx_word' id='word_1_276' title='bbox 187 1292 276 1323; x_wconf 82' lang='lat' dir='ltr'>farina</span> <span class='ocrx_word' id='word_1_277' title='bbox 293 1293 371 1325; x_wconf 85' lang='lat' dir='ltr'>lento</span> <span class='ocrx_word' id='word_1_278' title='bbox 391 1296 451 1336; x_wconf 77' lang='lat' dir='ltr'>igni</span> <span class='ocrx_word' id='word_1_279' title='bbox 468 1296 547 1323; x_wconf 57' lang='lat' dir='ltr'>cocta</span> <span class='ocrx_word' id='word_1_280' title='bbox 565 1315 575 1327; x_wconf 85' lang='lat'>,</span> <span class='ocrx_word' id='word_1_281' title='bbox 592 1297 637 1324; x_wconf 91' lang='lat' dir='ltr'>cui</span> <span class='ocrx_word' id='word_1_282' title='bbox 658 1305 769 1325; x_wconf 82' lang='lat' dir='ltr'>acetum</span> <span class='ocrx_word' id='word_1_283' title='bbox 791 1297 934 1336; x_wconf 86' lang='lat' dir='ltr'>optimum</span> <span class='ocrx_word' id='word_1_284' title='bbox 948 1295 1118 1327; x_wconf 82' lang='lat' dir='ltr'>affunditur.</span> <span class='ocrx_word' id='word_1_285' title='bbox 1146 1300 1214 1328; x_wconf 86' lang='lat' dir='ltr'>Duo</span> <span class='ocrx_word' id='word_1_286' title='bbox 1228 1310 1288 1328; x_wconf 79' lang='lat' dir='ltr'>ma-</span> 
     </span>
     <span class='ocr_line' id='line_1_30' title="bbox 55 1333 1288 1383; baseline 0.006 -19"><span class='ocrx_word' id='word_1_287' title='bbox 55 1333 149 1376; x_wconf 84' lang='lat' dir='ltr'>nipuli</span> <span class='ocrx_word' id='word_1_288' title='bbox 172 1333 272 1367; x_wconf 81' lang='lat' dir='ltr'>farinae</span> <span class='ocrx_word' id='word_1_289' title='bbox 297 1347 351 1367; x_wconf 87' lang='lat' dir='ltr'>una</span> <span class='ocrx_word' id='word_1_290' title='bbox 366 1347 431 1366; x_wconf 86' lang='lat' dir='ltr'>curn</span> <span class='ocrx_word' id='word_1_291' title='bbox 451 1340 520 1367; x_wconf 88' lang='lat' dir='ltr'>aceti</span> <span class='ocrx_word' id='word_1_292' title='bbox 540 1339 617 1378; x_wconf 84' lang='lat' dir='ltr'>pinta</span> <span class='ocrx_word' id='word_1_293' title='bbox 630 1339 689 1377; x_wconf 82' lang='lat' dir='ltr'>ejus</span> <span class='ocrx_word' id='word_1_294' title='bbox 703 1341 827 1379; x_wconf 80' lang='lat' dir='ltr'>regionis</span> <span class='ocrx_word' id='word_1_295' title='bbox 851 1350 913 1380; x_wconf 83' lang='lat' dir='ltr'>quae</span> <span class='ocrx_word' id='word_1_296' title='bbox 926 1340 1019 1369; x_wconf 88' lang='lat' dir='ltr'>nostra</span> <span class='ocrx_word' id='word_1_297' title='bbox 1038 1343 1130 1378; x_wconf 77' lang='lat' dir='ltr'>major</span> <span class='ocrx_word' id='word_1_298' title='bbox 1152 1341 1206 1375; x_wconf 82' lang='lat' dir='ltr'>cst,</span> <span class='ocrx_word' id='word_1_299' title='bbox 1225 1353 1288 1383; x_wconf 85' lang='lat' dir='ltr'>pei·-</span> 
     </span>
     <span class='ocr_line' id='line_1_31' title="bbox 55 1379 1290 1425; baseline 0.006 -19"><span class='ocrx_word' id='word_1_300' title='bbox 55 1380 219 1408; x_wconf 79' lang='lat' dir='ltr'>miicentur.</span> <span class='ocrx_word' id='word_1_301' title='bbox 244 1381 376 1410; x_wconf 65' lang='lat' dir='ltr'>Linttum</span> <span class='ocrx_word' id='word_1_302' title='bbox 393 1390 499 1409; x_wconf 86' lang='lat' dir='ltr'>novum</span> <span class='ocrx_word' id='word_1_303' title='bbox 513 1390 565 1410; x_wconf 89' lang='lat' dir='ltr'>nec</span> <span class='ocrx_word' id='word_1_304' title='bbox 582 1379 651 1410; x_wconf 80' lang='lat' dir='ltr'>dum</span> <span class='ocrx_word' id='word_1_305' title='bbox 670 1380 802 1411; x_wconf 83' lang='lat' dir='ltr'>lixivium</span> <span class='ocrx_word' id='word_1_306' title='bbox 823 1393 971 1424; x_wconf 81' lang='lat' dir='ltr'>expertum</span> <span class='ocrx_word' id='word_1_307' title='bbox 985 1383 1040 1413; x_wconf 88' lang='lat' dir='ltr'>hoc</span> <span class='ocrx_word' id='word_1_308' title='bbox 1056 1381 1165 1425; x_wconf 82' lang='lat' dir='ltr'>glutine</span> <span class='ocrx_word' id='word_1_309' title='bbox 1184 1383 1290 1415; x_wconf 86' lang='lat' dir='ltr'>illitum</span> 
     </span>
     <span class='ocr_line' id='line_1_32' title="bbox 56 1420 487 1462; baseline 0.007 -13"><span class='ocrx_word' id='word_1_310' title='bbox 56 1423 130 1462; x_wconf 86' lang='lat' dir='ltr'>parti</span> <span class='ocrx_word' id='word_1_311' title='bbox 150 1420 258 1452; x_wconf 49' lang='lat' dir='ltr'>aff-ctae</span> <span class='ocrx_word' id='word_1_312' title='bbox 278 1421 487 1453; x_wconf 83' lang='lat' dir='ltr'>adhibendum.</span> 
     </span>
    </p>

    <p class='ocr_par' dir='ltr' id='par_1_8' title="bbox 55 1464 1292 1595">
     <span class='ocr_line' id='line_1_33' title="bbox 107 1464 1291 1511; baseline 0.004 -18"><span class='ocrx_word' id='word_1_313' title='bbox 107 1474 133 1493; x_wconf 86' lang='lat'>2.</span> <span class='ocrx_word' id='word_1_314' title='bbox 170 1464 247 1495; x_wconf 69' lang='lat' dir='ltr'>folia</span> <span class='ocrx_word' id='word_1_315' title='bbox 268 1464 357 1508; x_wconf 67' lang='lat' dir='ltr'>lappa·</span> <span class='ocrx_word' id='word_1_316' title='bbox 392 1476 437 1495; x_wconf 86' lang='lat' dir='ltr'>aut</span> <span class='ocrx_word' id='word_1_317' title='bbox 459 1465 612 1507; x_wconf 76' lang='lat' dir='ltr'>personarae</span> <span class='ocrx_word' id='word_1_318' title='bbox 635 1477 662 1496; x_wconf 86' lang='lat' dir='ltr'>v.</span> <span class='ocrx_word' id='word_1_319' title='bbox 684 1464 808 1496; x_wconf 64' lang='lat' dir='ltr'>Bardnne</span> <span class='ocrx_word' id='word_1_320' title='bbox 831 1469 859 1496; x_wconf 92' lang='lat' dir='ltr'>in</span> <span class='ocrx_word' id='word_1_321' title='bbox 886 1467 953 1497; x_wconf 88' lang='lat' dir='ltr'>Sole</span> <span class='ocrx_word' id='word_1_322' title='bbox 971 1466 1104 1498; x_wconf 69' lang='lat' dir='ltr'>exfixm</span> <span class='ocrx_word' id='word_1_323' title='bbox 1122 1471 1152 1498; x_wconf 71' lang='grc' dir='ltr'>δε</span> <span class='ocrx_word' id='word_1_324' title='bbox 1183 1470 1211 1497; x_wconf 90' lang='lat' dir='ltr'>in</span> <span class='ocrx_word' id='word_1_325' title='bbox 1226 1467 1291 1511; x_wconf 84' lang='lat' dir='ltr'>pul-</span> 
     </span>
     <span class='ocr_line' id='line_1_34' title="bbox 55 1507 1292 1551; baseline 0.005 -16"><span class='ocrx_word' id='word_1_326' title='bbox 55 1516 153 1536; x_wconf 76' lang='lat' dir='ltr'>verem</span> <span class='ocrx_word' id='word_1_327' title='bbox 183 1511 360 1538; x_wconf 82' lang='lat' dir='ltr'>conminuta</span> <span class='ocrx_word' id='word_1_328' title='bbox 385 1507 602 1551; x_wconf 79' lang='lat' dir='ltr'>alexipharinaci</span> <span class='ocrx_word' id='word_1_329' title='bbox 623 1508 688 1538; x_wconf 91' lang='lat' dir='ltr'>loco</span> <span class='ocrx_word' id='word_1_330' title='bbox 710 1519 812 1539; x_wconf 86' lang='lat' dir='ltr'>contra</span> <span class='ocrx_word' id='word_1_331' title='bbox 833 1520 941 1541; x_wconf 82' lang='lat' dir='ltr'>venena</span> <span class='ocrx_word' id='word_1_332' title='bbox 957 1510 1064 1541; x_wconf 80' lang='lat' dir='ltr'>utiliter</span> <span class='ocrx_word' id='word_1_333' title='bbox 1083 1510 1215 1541; x_wconf 78' lang='lat' dir='ltr'>adhiberi</span> <span class='ocrx_word' id='word_1_334' title='bbox 1237 1513 1292 1542; x_wconf 87' lang='lat' dir='ltr'>tes-</span> 
     </span>
     <span class='ocr_line' id='line_1_35' title="bbox 56 1549 884 1595; baseline 0.005 -17"><span class='ocrx_word' id='word_1_335' title='bbox 56 1558 130 1579; x_wconf 86' lang='lat' dir='ltr'>tatus</span> <span class='ocrx_word' id='word_1_336' title='bbox 145 1550 192 1581; x_wconf 84' lang='lat' dir='ltr'>cst.</span> <span class='ocrx_word' id='word_1_337' title='bbox 215 1549 299 1582; x_wconf 68' lang='lat' dir='ltr'>Dosis</span> <span class='ocrx_word' id='word_1_338' title='bbox 315 1552 352 1581; x_wconf 85' lang='lat' dir='ltr'>est</span> <span class='ocrx_word' id='word_1_339' title='bbox 368 1554 450 1582; x_wconf 87' lang='lat' dir='ltr'>unius</span> <span class='ocrx_word' id='word_1_340' title='bbox 466 1551 610 1582; x_wconf 62' lang='lat' dir='ltr'>drachmae</span> <span class='ocrx_word' id='word_1_341' title='bbox 626 1552 737 1595; x_wconf 70' lang='lat' dir='ltr'>por-diis</span> <span class='ocrx_word' id='word_1_342' title='bbox 753 1554 782 1581; x_wconf 90' lang='lat' dir='ltr'>in</span> <span class='ocrx_word' id='word_1_343' title='bbox 804 1555 884 1582; x_wconf 89' lang='lat' dir='ltr'>vino.</span> 
     </span>
    </p>

    <p class='ocr_par' dir='ltr' id='par_1_9' title="bbox 55 1594 1294 1766">
     <span class='ocr_line' id='line_1_36' title="bbox 102 1594 1294 1639; baseline 0.003 -16"><span class='ocrx_word' id='word_1_344' title='bbox 102 1603 126 1630; x_wconf 85' lang='lat'>3.</span> <span class='ocrx_word' id='word_1_345' title='bbox 161 1595 244 1635; x_wconf 85' lang='lat' dir='ltr'>Aqua</span> <span class='ocrx_word' id='word_1_346' title='bbox 260 1594 402 1624; x_wconf 84' lang='lat' dir='ltr'>minetalis</span> <span class='ocrx_word' id='word_1_347' title='bbox 424 1606 472 1637; x_wconf 85' lang='lat' dir='ltr'>per</span> <span class='ocrx_word' id='word_1_348' title='bbox 487 1594 653 1637; x_wconf 79' lang='lat' dir='ltr'>AEolipilam</span> <span class='ocrx_word' id='word_1_349' title='bbox 669 1617 678 1630; x_wconf 88' lang='lat'>,</span> <span class='ocrx_word' id='word_1_350' title='bbox 700 1595 744 1625; x_wconf 72' lang='lat' dir='ltr'>feu</span> <span class='ocrx_word' id='word_1_351' title='bbox 763 1598 856 1637; x_wconf 74' lang='lat' dir='ltr'>potrus</span> <span class='ocrx_word' id='word_1_352' title='bbox 877 1594 1054 1639; x_wconf 82' lang='lat' dir='ltr'>AEolopilam</span> <span class='ocrx_word' id='word_1_353' title='bbox 1079 1607 1229 1639; x_wconf 83' lang='lat' dir='ltr'>erumpens</span> <span class='ocrx_word' id='word_1_354' title='bbox 1252 1599 1294 1627; x_wconf 78' lang='lat' dir='ltr'>ci-</span> 
     </span>
     <span class='ocr_line' id='line_1_37' title="bbox 55 1633 1291 1683; baseline 0.006 -20"><span class='ocrx_word' id='word_1_355' title='bbox 55 1633 123 1664; x_wconf 84' lang='lat' dir='ltr'>dem</span> <span class='ocrx_word' id='word_1_356' title='bbox 141 1637 198 1666; x_wconf 80' lang='lat' dir='ltr'>usui</span> <span class='ocrx_word' id='word_1_357' title='bbox 221 1636 347 1667; x_wconf 71' lang='lat' dir='ltr'>adhiberi</span> <span class='ocrx_word' id='word_1_358' title='bbox 369 1638 479 1679; x_wconf 83' lang='lat' dir='ltr'>potest,</span> <span class='ocrx_word' id='word_1_359' title='bbox 502 1640 547 1668; x_wconf 82' lang='lat' dir='ltr'>cui</span> <span class='ocrx_word' id='word_1_360' title='bbox 566 1639 684 1668; x_wconf 77' lang='lat' dir='ltr'>thermae</span> <span class='ocrx_word' id='word_1_361' title='bbox 709 1637 798 1668; x_wconf 75' lang='lat' dir='ltr'>{olent</span> <span class='ocrx_word' id='word_1_362' title='bbox 816 1660 825 1673; x_wconf 95' lang='lat'>,</span> <span class='ocrx_word' id='word_1_363' title='bbox 849 1649 915 1668; x_wconf 81' lang='lat' dir='ltr'>cur-n</span> <span class='ocrx_word' id='word_1_364' title='bbox 938 1650 1041 1683; x_wconf 86' lang='lat' dir='ltr'>corpus</span> <span class='ocrx_word' id='word_1_365' title='bbox 1064 1640 1239 1683; x_wconf 79' lang='lat' dir='ltr'>persundunt</span> <span class='ocrx_word' id='word_1_366' title='bbox 1263 1651 1291 1673; x_wconf 82' lang='lat' dir='ltr'>v.</span> 
     </span>
     <span class='ocr_line' id='line_1_38' title="bbox 56 1677 1291 1726; baseline 0.006 -20"><span class='ocrx_word' id='word_1_367' title='bbox 56 1677 105 1706; x_wconf 75' lang='lat' dir='ltr'>La</span> <span class='ocrx_word' id='word_1_368' title='bbox 118 1678 236 1709; x_wconf 80' lang='lat' dir='ltr'>Douche.</span> <span class='ocrx_word' id='word_1_369' title='bbox 259 1679 389 1710; x_wconf 81' lang='lat' dir='ltr'>Addebat</span> <span class='ocrx_word' id='word_1_370' title='bbox 407 1679 518 1711; x_wconf 73' lang='lat' dir='ltr'>fontem</span> <span class='ocrx_word' id='word_1_371' title='bbox 538 1683 612 1723; x_wconf 83' lang='lat' dir='ltr'>ignis</span> <span class='ocrx_word' id='word_1_372' title='bbox 631 1680 775 1712; x_wconf 76' lang='lat' dir='ltr'>salientem</span> <span class='ocrx_word' id='word_1_373' title='bbox 790 1684 881 1725; x_wconf 79' lang='lat' dir='ltr'>parari</span> <span class='ocrx_word' id='word_1_374' title='bbox 900 1680 981 1713; x_wconf 71' lang='lat' dir='ltr'>facile</span> <span class='ocrx_word' id='word_1_375' title='bbox 1000 1683 1077 1726; x_wconf 72' lang='lat' dir='ltr'>poss&#39;e</span> <span class='ocrx_word' id='word_1_376' title='bbox 1097 1696 1105 1713; x_wconf 88' lang='grc'>·.</span> <span class='ocrx_word' id='word_1_377' title='bbox 1130 1682 1150 1714; x_wconf 86' lang='lat' dir='ltr'><strong>fi</strong></span> <span class='ocrx_word' id='word_1_378' title='bbox 1166 1694 1236 1726; x_wconf 79' lang='lat' dir='ltr'>aqua</span> <span class='ocrx_word' id='word_1_379' title='bbox 1250 1695 1291 1722; x_wconf 30' lang='lat' dir='ltr'>atr</span> 
     </span>
     <span class='ocr_line' id='line_1_39' title="bbox 56 1717 470 1766; baseline 0.017 -19"><span class='ocrx_word' id='word_1_380' title='bbox 56 1717 141 1750; x_wconf 79' lang='lat' dir='ltr'>dente</span> <span class='ocrx_word' id='word_1_381' title='bbox 162 1721 297 1765; x_wconf 80' lang='lat' dir='ltr'>AEolipila</span> <span class='ocrx_word' id='word_1_382' title='bbox 321 1722 470 1766; x_wconf 83' lang='lat' dir='ltr'>repleatur.</span> 
     </span>
    </p>

    <p class='ocr_par' dir='ltr' id='par_1_10' title="bbox 56 1764 1294 1937">
     <span class='ocr_line' id='line_1_40' title="bbox 102 1764 1294 1811; baseline 0.005 -19"><span class='ocrx_word' id='word_1_383' title='bbox 102 1764 166 1792; x_wconf 91' lang='lat' dir='ltr'>IX.</span> <span class='ocrx_word' id='word_1_384' title='bbox 204 1765 252 1794; x_wconf 91' lang='lat' dir='ltr'>Ne</span> <span class='ocrx_word' id='word_1_385' title='bbox 275 1765 345 1796; x_wconf 85' lang='lat' dir='ltr'>illud</span> <span class='ocrx_word' id='word_1_386' title='bbox 363 1767 479 1809; x_wconf 88' lang='lat' dir='ltr'>quidem</span> <span class='ocrx_word' id='word_1_387' title='bbox 496 1766 723 1810; x_wconf 76' lang='lat' dir='ltr'>praeteteunduin</span> <span class='ocrx_word' id='word_1_388' title='bbox 747 1778 843 1810; x_wconf 83' lang='lat' dir='ltr'>putem</span> <span class='ocrx_word' id='word_1_389' title='bbox 856 1793 864 1807; x_wconf 79' lang='lat'>‚</span> <span class='ocrx_word' id='word_1_390' title='bbox 883 1767 962 1810; x_wconf 85' lang='lat' dir='ltr'>quod</span> <span class='ocrx_word' id='word_1_391' title='bbox 985 1779 1019 1798; x_wconf 86' lang='lat' dir='ltr'>eo</span> <span class='ocrx_word' id='word_1_392' title='bbox 1033 1766 1094 1811; x_wconf 83' lang='lat' dir='ltr'>ipso</span> <span class='ocrx_word' id='word_1_393' title='bbox 1113 1768 1160 1799; x_wconf 87' lang='lat' dir='ltr'>die</span> <span class='ocrx_word' id='word_1_394' title='bbox 1184 1771 1223 1800; x_wconf 92' lang='lat' dir='ltr'>D.</span> <span class='ocrx_word' id='word_1_395' title='bbox 1243 1771 1294 1800; x_wconf 83' lang='lat' dir='ltr'>Du</span> 
     </span>
     <span class='ocr_line' id='line_1_41' title="bbox 60 1803 1292 1854; baseline 0.006 -21"><span class='ocrx_word' id='word_1_396' title='bbox 60 1803 135 1835; x_wconf 92' lang='lat' dir='ltr'>Clos</span> <span class='ocrx_word' id='word_1_397' title='bbox 152 1807 281 1838; x_wconf 60' lang='lat' dir='ltr'>ancillari:</span> <span class='ocrx_word' id='word_1_398' title='bbox 298 1810 440 1850; x_wconf 85' lang='lat' dir='ltr'>quandam</span> <span class='ocrx_word' id='word_1_399' title='bbox 458 1821 520 1851; x_wconf 73' lang='lat' dir='ltr'>quae</span> <span class='ocrx_word' id='word_1_400' title='bbox 532 1813 559 1839; x_wconf 90' lang='lat' dir='ltr'>in</span> <span class='ocrx_word' id='word_1_401' title='bbox 574 1809 759 1842; x_wconf 72' lang='lat' dir='ltr'>Bibliotheca·</span> <span class='ocrx_word' id='word_1_402' title='bbox 773 1815 855 1853; x_wconf 70' lang='lat' dir='ltr'>regim</span> <span class='ocrx_word' id='word_1_403' title='bbox 870 1810 977 1842; x_wconf 78' lang='lat' dir='ltr'>aedibus</span> <span class='ocrx_word' id='word_1_404' title='bbox 991 1811 1124 1842; x_wconf 67' lang='lat' dir='ltr'>manebat</span> <span class='ocrx_word' id='word_1_405' title='bbox 1139 1833 1148 1846; x_wconf 88' lang='lat'>,</span> <span class='ocrx_word' id='word_1_406' title='bbox 1162 1815 1190 1842; x_wconf 84' lang='lat'>&amp;</span> <span class='ocrx_word' id='word_1_407' title='bbox 1208 1811 1292 1854; x_wconf 69' lang='lat' dir='ltr'>sputo</span> 
     </span>
     <span class='ocr_line' id='line_1_42' title="bbox 57 1847 1292 1898; baseline 0.006 -22"><span class='ocrx_word' id='word_1_408' title='bbox 57 1847 202 1890; x_wconf 84' lang='lat' dir='ltr'>sanguinis</span> <span class='ocrx_word' id='word_1_409' title='bbox 213 1849 356 1882; x_wconf 80' lang='lat' dir='ltr'>laborabat</span> <span class='ocrx_word' id='word_1_410' title='bbox 369 1874 377 1887; x_wconf 90' lang='lat'><em>‚</em></span> <span class='ocrx_word' id='word_1_411' title='bbox 395 1864 517 1884; x_wconf 84' lang='lat' dir='ltr'>curatam</span> <span class='ocrx_word' id='word_1_412' title='bbox 537 1852 551 1882; x_wconf 65' lang='lat' dir='ltr'>a</span> <span class='ocrx_word' id='word_1_413' title='bbox 571 1854 596 1883; x_wconf 87' lang='lat' dir='ltr'>se</span> <span class='ocrx_word' id='word_1_414' title='bbox 608 1854 718 1885; x_wconf 76' lang='lat' dir='ltr'>testatus</span> <span class='ocrx_word' id='word_1_415' title='bbox 731 1854 768 1884; x_wconf 80' lang='lat' dir='ltr'>cst</span> <span class='ocrx_word' id='word_1_416' title='bbox 779 1876 788 1889; x_wconf 88' lang='lat'>,</span> <span class='ocrx_word' id='word_1_417' title='bbox 805 1865 870 1885; x_wconf 87' lang='lat' dir='ltr'>cum</span> <span class='ocrx_word' id='word_1_418' title='bbox 885 1866 973 1897; x_wconf 82' lang='lat' dir='ltr'>grano</span> <span class='ocrx_word' id='word_1_419' title='bbox 989 1857 1048 1897; x_wconf 78' lang='lat' dir='ltr'>cpii</span> <span class='ocrx_word' id='word_1_420' title='bbox 1063 1858 1091 1885; x_wconf 87' lang='lat'>&amp;</span> <span class='ocrx_word' id='word_1_421' title='bbox 1110 1854 1176 1885; x_wconf 79' lang='lat' dir='ltr'>mali</span> <span class='ocrx_word' id='word_1_422' title='bbox 1191 1857 1292 1898; x_wconf 76' lang='lat' dir='ltr'>puniti</span> 
     </span>
     <span class='ocr_line' id='line_1_43' title="bbox 56 1890 448 1937; baseline 0.013 -16"><span class='ocrx_word' id='word_1_423' title='bbox 56 1890 104 1921; x_wconf 84' lang='lat' dir='ltr'>scu</span> <span class='ocrx_word' id='word_1_424' title='bbox 126 1903 308 1933; x_wconf 80' lang='lat' dir='ltr'>granatorum</span> <span class='ocrx_word' id='word_1_425' title='bbox 333 1895 448 1937; x_wconf 82' lang='lat' dir='ltr'>syrupo.</span> 
     </span>
    </p>

    <p class='ocr_par' dir='ltr' id='par_1_11' title="bbox 56 1936 1293 2112">
     <span class='ocr_line' id='line_1_44' title="bbox 108 1936 1291 1983; baseline 0.004 -18"><span class='ocrx_word' id='word_1_426' title='bbox 108 1936 147 1965; x_wconf 94' lang='lat' dir='ltr'>D.</span> <span class='ocrx_word' id='word_1_427' title='bbox 165 1937 276 1966; x_wconf 83' lang='lat' dir='ltr'>Dodart</span> <span class='ocrx_word' id='word_1_428' title='bbox 294 1948 354 1967; x_wconf 87' lang='lat' dir='ltr'>rum</span> <span class='ocrx_word' id='word_1_429' title='bbox 369 1949 439 1980; x_wconf 85' lang='lat' dir='ltr'>opus</span> <span class='ocrx_word' id='word_1_430' title='bbox 460 1939 540 1970; x_wconf 80' lang='lat' dir='ltr'>suurn</span> <span class='ocrx_word' id='word_1_431' title='bbox 557 1938 697 1981; x_wconf 58' lang='lat' dir='ltr'>aggressus</span> <span class='ocrx_word' id='word_1_432' title='bbox 716 1941 754 1970; x_wconf 78' lang='lat' dir='ltr'>cst</span> <span class='ocrx_word' id='word_1_433' title='bbox 770 1940 806 1971; x_wconf 89' lang='lat' dir='ltr'>de</span> <span class='ocrx_word' id='word_1_434' title='bbox 827 1943 966 1983; x_wconf 80' lang='lat' dir='ltr'>regimine</span> <span class='ocrx_word' id='word_1_435' title='bbox 983 1940 1117 1972; x_wconf 80' lang='lat' dir='ltr'>sanorum</span> <span class='ocrx_word' id='word_1_436' title='bbox 1145 1945 1174 1971; x_wconf 57' lang='grc' dir='ltr'>δε</span> <span class='ocrx_word' id='word_1_437' title='bbox 1200 1952 1291 1981; x_wconf 49' lang='lat' dir='ltr'>‘aegro-</span> 
     </span>
     <span class='ocr_line' id='line_1_45' title="bbox 56 1976 1293 2026; baseline 0.004 -19"><span class='ocrx_word' id='word_1_438' title='bbox 56 1987 122 2008; x_wconf 80' lang='lat' dir='ltr'>xum</span> <span class='ocrx_word' id='word_1_439' title='bbox 135 2000 144 2012; x_wconf 87' lang='lat'><em>‚</em></span> <span class='ocrx_word' id='word_1_440' title='bbox 161 1989 241 2017; x_wconf 67' lang='lat' dir='ltr'>cuius</span> <span class='ocrx_word' id='word_1_441' title='bbox 263 1983 386 2021; x_wconf 85' lang='lat' dir='ltr'>priorem</span> <span class='ocrx_word' id='word_1_442' title='bbox 406 1993 513 2023; x_wconf 87' lang='lat' dir='ltr'>partem</span> <span class='ocrx_word' id='word_1_443' title='bbox 537 1976 603 2026; x_wconf 44' lang='lat' dir='ltr'>legit</span> <span class='ocrx_word' id='word_1_444' title='bbox 623 1987 650 2014; x_wconf 86' lang='lat' dir='ltr'>in</span> <span class='ocrx_word' id='word_1_445' title='bbox 665 1984 775 2024; x_wconf 71' lang='lat' dir='ltr'>aliquot</span> <span class='ocrx_word' id='word_1_446' title='bbox 802 1982 1006 2026; x_wconf 72' lang='lat' dir='ltr'>congressibus.</span> <span class='ocrx_word' id='word_1_447' title='bbox 1033 1987 1150 2014; x_wconf 89' lang='lat' dir='ltr'>Initium</span> <span class='ocrx_word' id='word_1_448' title='bbox 1166 1983 1244 2013; x_wconf 80' lang='lat' dir='ltr'>ducit</span> <span class='ocrx_word' id='word_1_449' title='bbox 1259 1983 1293 2013; x_wconf 70' lang='lat' dir='ltr'>:ib</span> 
     </span>
     <span class='ocr_line' id='line_1_46' title="bbox 57 2022 1290 2068; baseline 0.002 -16"><span class='ocrx_word' id='word_1_450' title='bbox 57 2022 93 2052; x_wconf 84' lang='lat' dir='ltr'>iis</span> <span class='ocrx_word' id='word_1_451' title='bbox 110 2024 219 2063; x_wconf 69' lang='lat' dir='ltr'>magnis</span> <span class='ocrx_word' id='word_1_452' title='bbox 241 2024 444 2054; x_wconf 80' lang='lat' dir='ltr'>mutationibus</span> <span class='ocrx_word' id='word_1_453' title='bbox 456 2037 518 2067; x_wconf 78' lang='lat' dir='ltr'>qnae</span> <span class='ocrx_word' id='word_1_454' title='bbox 537 2026 572 2057; x_wconf 85' lang='lat' dir='ltr'>ab</span> <span class='ocrx_word' id='word_1_455' title='bbox 594 2030 678 2057; x_wconf 89' lang='lat' dir='ltr'>initio</span> <span class='ocrx_word' id='word_1_456' title='bbox 693 2026 793 2056; x_wconf 83' lang='lat' dir='ltr'>mundi</span> <span class='ocrx_word' id='word_1_457' title='bbox 811 2028 922 2057; x_wconf 87' lang='lat' dir='ltr'>conditi</span> <span class='ocrx_word' id='word_1_458' title='bbox 944 2027 977 2057; x_wconf 78' lang='lat' dir='ltr'>ad</span> <span class='ocrx_word' id='word_1_459' title='bbox 993 2028 1052 2057; x_wconf 70' lang='lat' dir='ltr'>haec</span> <span class='ocrx_word' id='word_1_460' title='bbox 1070 2027 1155 2068; x_wconf 78' lang='lat' dir='ltr'>usqu:</span> <span class='ocrx_word' id='word_1_461' title='bbox 1177 2037 1290 2067; x_wconf 65' lang='lat' dir='ltr'>tenisi-21·</span> 
     </span>
     <span class='ocr_line' id='line_1_47' title="bbox 56 2066 1292 2112; baseline 0.004 -18"><span class='ocrx_word' id='word_1_462' title='bbox 56 2074 90 2094; x_wconf 77' lang='lat' dir='ltr'>ta</span> <span class='ocrx_word' id='word_1_463' title='bbox 108 2068 289 2108; x_wconf 83' lang='lat' dir='ltr'>contigerunt</span> <span class='ocrx_word' id='word_1_464' title='bbox 306 2069 335 2098; x_wconf 82' lang='lat' dir='ltr'>in</span> <span class='ocrx_word' id='word_1_465' title='bbox 355 2066 487 2101; x_wconf 79' lang='lat' dir='ltr'>ciborum</span> <span class='ocrx_word' id='word_1_466' title='bbox 507 2069 567 2101; x_wconf 77' lang='lat' dir='ltr'>usu.</span> <span class='ocrx_word' id='word_1_467' title='bbox 597 2072 664 2102; x_wconf 75' lang='lat' dir='ltr'>Pars</span> <span class='ocrx_word' id='word_1_468' title='bbox 685 2069 774 2102; x_wconf 83' lang='lat' dir='ltr'>alteia</span> <span class='ocrx_word' id='word_1_469' title='bbox 790 2081 822 2101; x_wconf 67' lang='lat' dir='ltr'>ea</span> <span class='ocrx_word' id='word_1_470' title='bbox 845 2070 1047 2112; x_wconf 55' lang='lat' dir='ltr'>cornplcfftitur</span> <span class='ocrx_word' id='word_1_471' title='bbox 1071 2081 1134 2109; x_wconf 74' lang='lat' dir='ltr'>qua·</span> <span class='ocrx_word' id='word_1_472' title='bbox 1153 2068 1188 2100; x_wconf 86' lang='lat' dir='ltr'>ad</span> <span class='ocrx_word' id='word_1_473' title='bbox 1210 2071 1292 2100; x_wconf 74' lang='lat' dir='ltr'>ultim</span> 
     </span>
    </p>
   </div>
  </div>
 </body>
</html>
