1638 2345
349 139 408 165 250
663 141 840 173 REGIAZ
882 141 1282 174 SCIENTIARUM

232 180 324 210 Axis,
349 177 488 224 descripta
506 179 627 214 fueram.
657 185 869 229 Descriptiones
889 186 953 216 ante
974 184 1062 216 faustas
1083 184 1184 228 relegit
1206 187 1247 216 D.
1263 184 1383 229 Galloys
1409 189 1440 218 δε
1455 191 1579 228 annotari

234 225 320 258 2689,
352 223 476 255 tionibus
498 224 551 256 suis
572 225 730 258 illustravit.

393 268 404 296 1
418 268 441 297 1.
478 269 518 298 D.
536 272 584 299 Du
601 272 714 312 Verney
733 273 809 301 circa
826 270 956 301 dentium
976 270 1178 303 formationem
1195 271 1408 304 observationes
1432 273 1491 305 suas
1508 284 1577 319 pro:

344 307 448 350 posuit.
474 311 639 354 Priusquam
657 311 736 344 foras
752 314 890 357 prodeant
907 313 1005 344 dentes
1024 338 1033 350 ,
1057 318 1087 345 in
1108 315 1232 358 quadam
1254 315 1426 359 mucilaginc
1442 317 1576 359 plurimis

346 350 417 382 valis
436 353 581 398 conspersa
600 359 661 397 jam
685 356 740 387 esse
768 357 925 388 delineatos
951 358 1073 389 ostendit
1094 381 1104 394 ‚
1128 357 1215 389 fibras
1239 358 1399 401 complures
1423 371 1472 402 per
1492 361 1575 394 strata

342 394 481 437 disponi,
502 400 544 427 uti
564 401 594 428 δε
614 398 668 429 alia
688 399 776 430 multa
791 412 854 442 quae
874 399 1007 443 peculiari
1020 400 1210 432 dissertatione
1227 403 1320 445 postea
1334 402 1470 445 vulgavit.

389 440 466 469 Tum
490 438 575 471 fimiae
596 441 746 486 descriptio
769 442 825 474 fuit
847 445 1001 485 recognita.
1033 444 1181 475 Musculos
1198 445 1293 475 caudae
1318 445 1453 489 separavit
1469 447 1511 478 D.
1524 448 1576 480 Du

344 483 470 522 Verncy.
494 485 526 513 In
547 484 598 514 hac
610 486 696 516 cauda
714 490 769 516 280
784 485 924 517 musculos
940 489 1050 518 invenit
1068 489 1108 517 D.
1128 489 1226 529 Mery.

393 526 405 554 Ι
422 527 431 554 l
449 526 471 557 Ι.
511 527 613 558 Mense
635 530 763 571 Angusto
785 528 928 560 musculos
947 532 1041 560 avium
1063 530 1242 572 respirationi
1263 531 1415 561 destinatos
1434 539 1576 575 pra-parth

344 569 385 596 vit
414 569 452 598 D.
480 570 566 611 Mery
581 593 590 605 ,
611 582 729 614 qumque
751 584 832 603 antea
854 575 884 603 in
901 571 1069 603 disse-stione
1089 573 1205 604 Anseris
1227 577 1286 604 vivi
1306 574 1453 606 observata
1474 575 1510 606 ab
1538 587 1574 606 eo

340 609 473 646 fuerant,
500 624 533 642 cx
557 613 660 656 scripto
681 615 758 658 legit.
785 627 811 648 1.
836 618 864 645 in
887 614 947 657 ipsa
962 615 1145 659 inspiratione
1171 618 1266 660 peetus
1287 618 1429 653 dilatari,
1449 619 1575 650 sternum

341 652 356 682 31
379 655 515 686 vertebris
530 661 670 688 removed
684 681 693 693 ‚
706 660 794 690 costas
811 659 915 689 sursum
933 658 1052 690 sublatas
1071 659 1086 688 Ξι
1105 658 1130 689 se
1145 662 1269 690 invicem
1290 660 1430 692 recedere.
1452 674 1480 692 ι.
1503 664 1574 702 Qo

341 707 437 727 motus
452 697 499 728 ille
521 703 610 742 magis
631 702 798 744 conspicuus
817 701 912 736 foret,
935 703 1057 734 rostrum
1081 705 1111 733 δε
1133 714 1211 733 nares
1225 702 1307 734 brevi
1327 707 1463 747 temporis
1482 705 1574 747 spatio

340 739 405 772 sum
426 741 537 773 occlusa
553 764 562 778 ,
585 754 646 774 tum
664 747 697 775 iis
712 749 815 788 apertis
830 745 975 775 abdomen
996 748 1069 776 intus
1093 744 1282 788 compressum
1295 772 1304 784 ,
1329 747 1452 778 sternum
1466 747 1573 779 sursum

343 787 434 826 magis
454 784 557 816 elatum
574 808 582 821 ,
606 789 636 817 &
656 789 736 818 costae
758 788 858 819 itidem
885 786 998 819 sublatae
1024 790 1115 831 magis
1136 791 1207 819 inter
1230 790 1256 820 se
1278 789 1410 820 distantes
1430 802 1573 833 apparue-

341 837 417 857 runt.
445 829 477 857 In
494 831 669 872 expiratione
686 842 786 862 contra
806 842 884 861 erant
896 835 995 861 omnia
1011 854 1021 867 ,
1042 832 1183 863 abdomen
1197 832 1356 863 extrorsum
1374 833 1571 870 intumescere,

342 870 422 900 costa:
438 869 489 902 fibi
505 876 652 916 propiores
672 875 838 905 &sternum
852 876 973 904 vicinius
990 875 1128 905 vertebris
1147 874 1250 907 visum.

384 915 464 944 Tum
485 926 583 945 ventre
606 915 722 947 diffecsto
743 929 772 948 ur
786 917 881 947 vesicae
903 920 931 947 in
946 929 979 947 eo
994 916 1089 960 pofitae
1111 917 1202 948 oculis
1228 919 1432 960 subjicerentur
1445 943 1455 956 ,
1477 923 1507 951 in
1522 932 1574 952 ex-

338 958 481 997 pirAtione
502 958 595 988 sterno
621 959 749 1002 depresso
769 961 930 991 abdominis
950 959 1051 990 sacculi
1075 963 1138 990 a‘e're
1158 961 1269 1004 impleri
1289 966 1319 993 &
1346 962 1404 993 duo
1430 962 1504 1006 septa
1525 963 1573 996 seu

338 998 554 1042 disphragmara
567 1023 575 1036 ,
599 1012 724 1043 quorum
747 1015 809 1046 pars
831 1001 946 1033 carnosa
964 1003 1102 1034 vertebris
1121 1003 1304 1043 adhaerescit,
1326 1004 1341 1034 ὲ
1359 1006 1440 1037 costis
1457 1007 1575 1038 recede-

340 1053 370 1072 rc
389 1053 399 1075 3
420 1053 519 1074 contra
541 1046 616 1075 inter
633 1045 829 1089 inspirandum
852 1045 951 1076 eadem
972 1046 1007 1076 ad
1023 1047 1110 1077 costas
1127 1046 1260 1078 accedere
1275 1047 1455 1080 videbantur.
1480 1050 1572 1080 Dein-

340 1084 376 1115 de
391 1088 505 1128 pestore
526 1099 624 1129 aperto
645 1100 674 1119 ut
697 1090 788 1120 sterno
807 1087 919 1120 discisso
945 1089 1098 1132 superiores
1117 1089 1218 1121 sacculi
1239 1094 1267 1121 in
1289 1090 1471 1135 conspeifflm
1488 1096 1571 1124 veni-

341 1139 422 1163 rent,
445 1131 525 1161 costae
552 1129 587 1161 sic
607 1131 717 1163 nudatae
739 1135 822 1168 sunt,
845 1143 874 1162 ut
890 1131 1083 1163 musculorum
1105 1132 1324 1164 intercostalium
1351 1145 1446 1165 motus
1470 1147 1572 1166 cerne-

339 1182 446 1204 rentur.
477 1175 555 1205 Tum
575 1186 644 1205 vero
659 1176 689 1206 id
707 1176 799 1219 palam
814 1176 866 1207 fuit
880 1174 1034 1218 superiores
1049 1175 1170 1206 sacculos
1184 1175 1297 1220 impleri
1310 1180 1343 1207 δι’
1362 1180 1501 1209 exinaniri
1515 1191 1574 1211 una

336 1224 405 1245 cum
428 1216 542 1248 sacculis
563 1217 736 1250 abdominis.

383 1261 454 1300 Qo
475 1271 569 1291 aurem
591 1263 781 1293 innotesceret
799 1261 914 1304 quando
936 1261 984 1293 fiat
1008 1262 1154 1305 respiratio
1171 1285 1179 1298 ,
1202 1263 1288 1294 altera
1308 1265 1421 1294 narium
1435 1265 1570 1302 occlusa;

339 1299 418 1332 alteri
437 1302 548 1344 objetsta
568 1304 606 1334 est
628 1305 756 1347 plumula
776 1327 785 1340 ‚
807 1316 924 1346 rumque
940 1305 968 1335 id
983 1305 1182 1340 observatum,
1201 1305 1281 1336 elaro'
1297 1306 1388 1336 sterno
1410 1307 1482 1350 pilos
1504 1309 1572 1352 plu-

339 1344 423 1375 mulae
437 1349 551 1377 narium
564 1348 639 1377 intus
659 1348 749 1378 subire
762 1370 771 1384 ‚
790 1360 824 1378 eo
844 1343 973 1391 deprciso
986 1349 1034 1379 has
1050 1348 1171 1393 repelli,
1191 1349 1262 1379 adeo
1278 1360 1308 1380 ut
1321 1350 1427 1380 animal
1440 1351 1569 1395 depresso

340 1389 432 1418 sterno
453 1388 586 1431 respirare
608 1389 747 1422 videatur.

383 1434 444 1463 IV.
480 1433 545 1463 Post
559 1434 617 1462 haec
636 1436 741 1464 Leonis
760 1433 878 1466 cadaver
898 1433 1048 1465 diffi&um
1069 1434 1140 1470 fuit,
1152 1434 1297 1465 musculos
1311 1438 1342 1466 &
1360 1436 1489 1469 tendines
1503 1449 1571 1470 cau-

337 1473 380 1504 dae
395 1474 600 1507 demonstravit
614 1478 654 1507 D.
677 1478 726 1507 Du
737 1481 850 1519 Verney
860 1500 869 1513 ‚
883 1489 996 1509 crurum
1011 1489 1123 1522 quoque
1138 1481 1168 1508 δέ
1185 1478 1288 1521 pedum
1307 1480 1447 1510 musculos
1460 1480 1571 1524 separa-

339 1520 390 1548 rim
408 1530 578 1561 paraverunt
599 1520 640 1550 D.
658 1521 698 1551 D.
721 1522 772 1550 Du
788 1524 903 1561 Verney
926 1525 955 1552 ὅ(
973 1523 1056 1560 Merv
1070 1544 1078 1557 ‚
1093 1533 1192 1552 eorum
1206 1520 1342 1552 fabricam
1355 1526 1387 1553 &
1404 1523 1466 1554 usus
1479 1537 1570 1569 expo-

334 1559 451 1593 suerunt
465 1585 474 1597 ‚
497 1574 587 1604 quave
604 1566 713 1594 ratione
732 1564 889 1605 digitorum
904 1576 997 1596 motus
1011 1563 1143 1596 efficiant.

383 1607 421 1635 V.
457 1608 531 1647 ch
551 1606 566 1636 ὲ
590 1607 630 1639 D.
654 1606 690 1637 de
712 1606 738 1637 la
760 1609 834 1637 Hire
854 1612 966 1638 ineunte
986 1609 1041 1638 hoc
1070 1620 1145 1638 anno
1166 1607 1246 1639 fi-Rae
1273 1608 1334 1639 funt
1356 1609 1569 1642 observationes

335 1648 410 1677 circa
428 1649 522 1679 vesieae
546 1650 710 1680 struc'ruram
727 1673 736 1685 ‚
757 1650 867 1681 silenrio
893 1653 983 1693 premi
1003 1663 1060 1681 non
1089 1651 1195 1682 debent
1219 1665 1226 1683 :
1247 1653 1314 1682 hinc
1337 1655 1415 1683 enim
1436 1655 1569 1696 quaedam

336 1700 394 1721 non
410 1689 477 1722 scitu
493 1692 581 1723 modo
598 1692 704 1735 digna,
725 1693 770 1724 sed
793 1697 822 1724 δι
842 1697 938 1735 magni
959 1695 1021 1724 usus
1043 1695 1235 1737 eruipoffunt.
1261 1694 1360 1726 Vesica
1378 1695 1456 1726 suilla
1473 1700 1503 1728 δέ
1520 1709 1570 1728 re-

335 1743 401 1763 cens
420 1746 506 1766 venio
526 1738 641 1768 distenta
655 1759 664 1771 ,
685 1748 782 1779 aperto
805 1736 918 1767 orificio
931 1736 1010 1768 velur
1027 1737 1103 1768 ultro
1120 1737 1234 1768 subsidit
1257 1751 1262 1768 :
1284 1749 1343 1768 tum
1361 1750 1392 1768 ca
1413 1739 1506 1770 statim
1521 1743 1568 1771 in-

336 1777 412 1807 versa
433 1778 471 1808 est
491 1790 521 1810 ur
541 1791 604 1821 pars
626 1783 748 1810 exterior
769 1778 848 1810 ficret
864 1783 982 1811 interior
999 1803 1007 1815 ,
1031 1792 1101 1823 aqua
1121 1782 1186 1811 huic
1204 1780 1290 1811 affusi
1316 1781 1354 1811 est
1374 1803 1382 1816 ,
1415 1781 1450 1812 sic
1471 1794 1568 1815 tamen

336 1830 366 1850 ut
386 1831 444 1850 non
465 1827 586 1852 omnino
609 1823 774 1863 impleretur
792 1836 798 1853 ε
817 1824 908 1854 statim
930 1823 1065 1865 perfluere
1087 1824 1184 1854 multis
1207 1826 1234 1853 in
1256 1823 1325 1854 locis
1347 1824 1403 1855 visa
1418 1827 1454 1856 est
1470 1848 1479 1860 ,
1497 1827 1567 1858 adeo

337 1873 368 1893 ut
381 1865 454 1894 inrra
479 1875 513 1894 ιι.
539 1865 672 1896 horarum
695 1866 813 1907 spatium
835 1878 896 1908 pars
912 1867 987 1897 illins
1009 1867 1130 1897 dimidia
1147 1865 1292 1897 effluxerit
1306 1889 1313 1901 ,
1333 1879 1395 1910 qna:
1414 1869 1500 1899 rubeo
1515 1882 1568 1901 co-

338 1904 398 1935 lore
428 1909 516 1938 tinsta
537 1912 674 1950 apparuit.
702 1909 734 1939 ld
756 1920 823 1939 vcro
839 1909 900 1940 satis
919 1911 955 1940 est
972 1910 1123 1941 vei-ifimile
1142 1933 1152 1946 ‚
1176 1911 1191 1940 ὲ
1214 1909 1308 1940 vesica:
1327 1910 1395 1941 valis
1415 1922 1480 1942 cum
1501 1917 1566 1944 aere

336 1948 454 1981 distenta
468 1949 541 1988 fuir,
558 1951 720 1994 sanguinem
732 1955 804 1982 inter
823 1952 995 1983 membrana·
1009 1952 1093 1984 fibras
1107 1952 1264 1996 expitiliim
1280 1952 1376 1990 soille,
1389 1965 1474 1996 quan
1495 1967 1566 1996 aqu-2

338 1994 411 2022 inter
437 2005 481 2024 eas
509 1993 629 2025 fibrillas
648 1994 766 2024 effluens
789 1994 911 2026 abstersit
932 2009 937 2026 :
964 2007 1029 2027 narn
1052 1997 1216 2028 membrana
1246 1996 1303 2039 ipsa
1325 1997 1482 2030 admodum
1505 2008 1566 2029 crat

338 2035 457 2067 candida
479 2038 539 2079 post
558 2049 636 2081 aqua:
657 2037 804 2069 effluxum.

389 2081 588 2121 Qariiobrem
615 2080 711 2112 veiicae
741 2081 906 2111 membrana
931 2085 1085 2115 innumeris
1111 2083 1289 2115 fornniinulis
1320 2083 1430 2114 viderur
1465 2094 1565 2126 perru-

331 2121 386 2156 Γᾶ,
408 2135 468 2167 quae
490 2123 545 2156 suis
570 2122 644 2155 forte
670 2124 793 2157 valvulis
814 2123 875 2155 sunt
898 2130 1008 2158 munira
1029 2150 1039 2164 ,
1067 2139 1095 2158 ut
1117 2138 1189 2169 aqua
1214 2127 1302 2159 libere
1329 2125 1421 2157 subeat
1445 2136 1453 2160 3
1475 2137 1564 2168 caque
