1638 2345
163 182 252 211 Am.

167 229 254 260 1696.

277 139 336 177 388
587 136 774 170 REGIAE
811 133 1228 168 SCIENTIARUM

275 183 361 211 minis
375 203 384 217 ,
404 180 464 212 haec
477 180 527 212 fibi
541 179 750 224 aliquantulum
767 179 891 222 suspecta
904 201 914 214 ‚
933 190 984 210 nec
1001 177 1064 210 satis
1087 177 1171 209 firma
1190 179 1226 210 ad
1242 177 1330 211 fidem
1350 177 1509 211 faciendam

275 223 397 256 videtur.
422 226 502 256 Nam
521 224 536 254 Ξ
558 238 587 265 33
611 227 692 255 annis
703 223 802 254 eadem
813 225 1007 267 experimenta
1021 221 1157 265 usurpans
1177 222 1206 253 id
1225 226 1364 266 comperit
1376 245 1386 259 ‚
1403 222 1512 266 perspi-

276 270 400 299 rationes
417 267 573 299 senescente
592 279 712 310 corpote
732 265 828 298 minus
842 264 970 311 copiosas
985 265 1040 296 esse
1053 288 1064 302 ,
1087 264 1187 307 easque
1201 265 1255 296 effe
1272 269 1412 309 parciores
1427 289 1436 302 ‚
1461 266 1510 297 ubi

275 322 340 341 curn
361 314 395 342 iis
410 334 418 347 ,
440 323 501 354 qua:
523 322 571 352 per
595 312 653 340 vias
679 308 820 341 naturales
840 312 1019 340 excernimus
1035 331 1044 344 ‚
1070 308 1267 340 conferuntur.
1294 311 1355 351 Qi
1369 311 1447 339 enirn
1462 320 1511 339 ca-

274 353 342 385 dem
363 355 418 386 cibi
437 357 594 396 quantitate
613 354 734 385 vescitur
747 379 755 393 ,
775 353 868 384 multo
881 354 976 383 minus
993 351 1127 396 perspirat
1143 354 1173 382 in
1193 351 1334 383 senestute
1347 375 1356 389 ‚
1377 351 1464 394 quiam
1481 355 1512 383 in

273 400 422 439 juventute
445 423 453 435 ,
481 397 526 428 sed
552 395 645 427 multo
672 396 736 440 plus
762 408 811 440 per
832 399 1008 426 excretiones
1033 394 1174 426 sensibiles
1199 417 1208 430 ,
1232 399 1261 426 ἃ
1286 399 1346 426 vias
1370 394 1512 426 naturales

276 444 379 471 emittit
401 454 407 471 ε
429 439 510 483 quocl
528 443 627 483 urique
648 439 684 470 de
705 438 794 484 seipso
814 450 945 483 expertus
959 439 1039 469 estin
1054 449 1175 479 utroque
1194 439 1275 469 statu.
1301 439 1391 481 quue
1408 441 1512 469 rationi

277 483 391 514 videtur
409 483 571 514 consonum
595 497 602 515 ς
625 494 690 513 narn
708 483 919 525 ingravescente
940 493 1019 513 aerate
1039 483 1103 524 pori
1121 481 1262 512 densiores
1285 480 1378 517 fiunt,
1403 485 1432 512 δε
1450 493 1514 512 ma·

277 529 320 568 gis
340 528 547 558 contrahuntur
569 539 577 558 z
597 538 658 558 tum
677 526 748 557 vero
763 525 842 556 calor
860 527 970 557 nativus
993 527 1021 555 in
1038 525 1098 554 dies
1118 523 1283 555 debilitatus
1308 536 1366 554 non
1391 525 1513 568 amplius

277 569 439 612 suppeditat
466 569 616 614 particulas
638 569 710 600 adeo
737 568 852 600 subtiles
876 591 885 605 ‚
907 580 970 611 qux
995 578 1092 598 coecos
1124 567 1189 598 illos
1221 578 1330 599 meatus
1353 579 1513 611 penetrent.

280 614 363 644 Hinc
379 617 489 655 parcior
506 614 544 644 est
562 612 673 644 occulta
694 612 876 656 transpiratio
889 634 899 648 ,
920 622 1003 654 atquc
1021 610 1138 642 uberior
1157 613 1274 641 materia
1291 623 1340 655 per
1355 614 1414 642 vias
1430 622 1512 643 natu·

279 655 350 686 mles
375 657 537 688 secernitur.

330 701 356 729 V
368 702 379 730 Ι
392 702 404 730 1
417 702 439 731 1.
476 700 575 730 Paucis
589 699 649 743 post
664 698 766 731 diebus
785 702 825 731 D.
844 700 929 739 Mety
949 697 1021 729 duos
1036 696 1181 729 musculos
1201 700 1229 727 in
1249 697 1348 728 avibus
1370 696 1512 733 exhibuit,

279 744 330 783 qui
354 742 520 786 palpebram
541 745 706 774 interiorem
729 743 763 774 ad
784 746 924 783 majorem
951 741 1028 772 oculi
1050 741 1186 784 angulum
1207 741 1353 771 retrahunt
1380 754 1386 771 :
1412 752 1444 771 cx
1470 741 1513 771 his

279 796 352 815 unus
375 785 390 816 ὲ
411 786 558 829 posteriori
577 785 658 828 globi
677 785 754 817 oculi
771 796 847 830 parte
864 786 941 816 suam
963 784 1068 815 ducens
1086 787 1229 826 oaigineiu
1244 805 1253 818 ,
1273 785 1401 814 interiori
1417 783 1514 827 palpe-

279 827 338 858 bra·
360 828 488 860 inseritur
506 829 541 860 ad
559 841 667 872 partem
685 829 853 860 inferiorem
877 830 995 868 majoris
1017 828 1112 870 anguli
1135 839 1142 861 3
1167 826 1237 857 alter
1250 826 1390 857 musculus
1406 827 1420 856 ἐι
1435 837 1515 870 parte

279 871 428 913 posteriori
450 872 551 904 orbitae
572 883 651 903 ortus
664 894 674 908 ‚
698 875 728 903 ὃ(
750 883 799 915 per
820 872 942 914 globum
959 869 1035 901 oculi
1058 870 1210 901 ascendens
1229 871 1362 900 inseritur
1382 872 1514 901 interiori

278 913 421 957 palpebrae
446 914 527 959 supra
547 918 687 954 majorem
705 914 853 958 angulum.

326 957 429 989 Mense
447 958 587 1000 Januatio
610 960 638 988 in
665 957 795 989 musculo
814 956 943 1000 quodam
966 955 1052 988 fibras
1071 956 1199 987 carnosas
1223 959 1253 987 δε
1279 955 1426 988 tendineas
1448 954 1463 985 ὲ
1488 956 1515 988 se

279 1010 382 1032 mutuo
403 1002 539 1044 separatas
558 1000 728 1032 ebullitione
741 1005 845 1044 praevia
861 999 1004 1035 ostendit,
1026 1010 1084 1030 non
1106 998 1180 1029 secus
1199 1011 1281 1044 atquc
1301 999 1445 1042 epiderma
1470 998 1515 1031 seu

279 1043 404 1074 cuticula
423 1044 439 1074 a
462 1044 536 1087 pelle
548 1043 706 1076 divellitur.
732 1044 767 1076 Id
785 1055 900 1087 quoque
915 1046 944 1074 in
957 1042 1141 1085 couspce'tum
1155 1042 1234 1073 dedit
1253 1043 1268 1073 ὲ
1282 1041 1360 1074 fibris
1375 1042 1516 1074 tendincis

280 1086 417 1127 quasdam
442 1086 561 1119 formari
582 1090 697 1119 vaoinas
719 1109 729 1123 ,
751 1099 813 1131 quae
833 1087 983 1130 separatim
1008 1085 1161 1116 involvunt
1180 1085 1329 1116 fasciculos
1350 1097 1516 1117 carucarum

281 1129 420 1162 fibrarum
432 1157 442 1172 ,
461 1142 492 1163 ac
507 1114 726 1163 subindgfibras
740 1130 872 1175 cujusque
885 1132 993 1172 vagina:
1012 1128 1190 1160 transversim
1212 1129 1301 1160 secare
1314 1152 1324 1165 ,
1344 1127 1431 1160 fibras
1453 1141 1515 1160 car-

281 1173 374 1205 nosaS.

322 1219 386 1250 IX.
416 1219 481 1250 Hac
499 1217 645 1250 occasione
661 1219 727 1250 data
743 1217 822 1250 suum
839 1217 874 1249 de
889 1218 1026 1249 struelura
1044 1220 1075 1248 ὃ(
1091 1227 1173 1247 motu
1190 1215 1383 1246 musculorum
1399 1214 1515 1257 systema

281 1263 440 1303 proposuit.
466 1264 514 1293 De
532 1262 669 1294 structura
687 1267 745 1304 jam
761 1262 886 1293 diximus
902 1283 911 1296 ,
932 1259 1091 1292 musculum
1104 1262 1243 1290 nimirum
1264 1259 1316 1290 effe
1331 1270 1436 1301 partem
1452 1271 1516 1290 cor-

282 1307 360 1345 poris
381 1309 547 1348 organicam
568 1327 577 1340 ,
597 1316 660 1347 qua:
682 1317 717 1335 ex
743 1305 840 1335 rnultis
866 1303 1002 1334 fibrarum
1024 1314 1188 1332 carncarum
1220 1301 1360 1333 fasciculis
1385 1303 1514 1338 constat,

283 1347 300 1377 ὲ
321 1346 425 1389 quibus
453 1360 552 1378 venter
579 1348 699 1378 musculi
724 1347 866 1379 conflatur
890 1360 896 1377 :
925 1345 960 1376 ab
987 1348 1099 1388 origine
1123 1346 1168 1375 sua
1190 1355 1252 1386 qua:
1279 1355 1362 1388 caput
1389 1345 1517 1387 appella·

284 1399 351 1425 tur,
374 1390 494 1433 oblique
523 1391 651 1421 feruntur
676 1390 711 1421 ad
736 1390 832 1421 locum
856 1390 908 1421 suae
927 1388 1090 1419 insertionis
1110 1409 1119 1422 ,
1142 1399 1205 1430 quae
1230 1388 1318 1418 cauda
1340 1387 1398 1418 dici
1424 1387 1515 1420 solet}

283 1443 323 1463 eae
339 1433 456 1475 quidem
473 1434 535 1466 sunt
552 1435 755 1464 contractionis
772 1444 885 1477 capaces
901 1459 910 1472 ‚
932 1443 990 1462 non
1005 1442 1039 1462 ex
1056 1429 1147 1474 seipsis
1160 1453 1171 1466 ‚
1196 1429 1242 1461 sed
1255 1442 1287 1461 ex
1307 1432 1453 1475 spirituum
1474 1431 1518 1461 af-

285 1474 364 1507 fluxu
380 1502 390 1513 ‚
412 1476 516 1520 quibus
539 1488 689 1520 penetrarae
710 1475 855 1509 inflantur.

327 1521 441 1551 Omnes
461 1520 527 1551 illos
550 1519 698 1550 fasciculos
714 1519 869 1551 involvunt
888 1517 1001 1549 fibrillae
1025 1517 1155 1561 quaedam
1173 1517 1291 1549 elaterio
1310 1516 1435 1561 praeditae
1450 1540 1459 1553 ‚
1485 1520 1518 1549 δε

284 1562 464 1595 transversim
481 1562 576 1607 positae
588 1588 598 1602 ,
623 1574 718 1605 exque
737 1562 813 1607 quasi
833 1561 981 1605 vaginulas
1003 1561 1132 1593 efficiunt
1151 1560 1365 1592 membranoshs
1383 1583 1392 1596 ,
1415 1560 1520 1603 quibus

284 1605 389 1648 singuli
410 1606 535 1638 fasciculi
556 1606 689 1637 obvoluti
709 1605 744 1638 ab
761 1605 823 1637 aliis
845 1605 1015 1649 separantur.
1051 1607 1098 1637 Eae
1115 1605 1234 1647 quidem
1259 1603 1374 1635 fibrina:
1401 1603 1519 1635 clasticae

283 1659 335 1691 per
357 1649 382 1680 se
408 1650 538 1681 contrahi
567 1648 681 1694 possunt
697 1672 706 1686 ‚
726 1661 759 1680 cx
782 1649 926 1680 accidente
950 1649 1150 1681 tantummodo
1173 1647 1372 1680 distenduntur
1388 1668 1398 1683 ,
1423 1658 1521 1690 eaeque

286 1691 430 1724 indivulse
452 1705 516 1725 cum
538 1692 689 1724 tendinum
711 1691 791 1724 fibris
812 1704 861 1735 pet
887 1690 1047 1724 musculum
1067 1689 1163 1736 sparsis
1180 1692 1335 1722 cohaerent.

335 1737 485 1767 Tendincs
505 1737 521 1769 ὲ
544 1735 683 1767 fibrarum
709 1740 842 1778 congerie
867 1734 1025 1767 coalescunt
1040 1758 1049 1771 ,
1070 1746 1132 1778 qua:
1155 1733 1234 1766 fibra:
1256 1746 1304 1777 per
1322 1745 1414 1765 toturn
1441 1732 1521 1764 mus-

289 1777 347 1808 culi
377 1790 480 1822 corpus
509 1784 536 1810 iu
563 1779 682 1821 longum
708 1779 845 1822 protensa·
878 1782 907 1810 in
946 1789 1066 1821 utroque
1093 1788 1220 1808 extremo
1250 1777 1436 1819 colliguntur.
1472 1779 1520 1808 13ae

289 1821 407 1862 quidem
424 1834 474 1853 nec
491 1823 610 1853 elaterio
627 1845 635 1856 ‚
654 1833 706 1852 nec
729 1824 925 1854 contrat-'tione
947 1824 1059 1852 donata:
1072 1843 1081 1856 ‚
1104 1831 1135 1850 ae
1153 1833 1188 1851 ne
1208 1819 1378 1851 extensionis
1401 1819 1522 1861 quidem

288 1865 352 1894 sunt
374 1877 486 1908 capaces
503 1888 511 1900 ‚
539 1864 590 1895 nisi
607 1868 648 1895 vis
665 1876 766 1908 magna
789 1865 966 1897 adhibeatur.
989 1865 1014 1894 A
1036 1863 1114 1894 fibris
1137 1867 1243 1894 carneis
1257 1866 1389 1894 coctione
1403 1862 1461 1906 ipsa
1474 1862 1523 1894 di-

287 1906 433 1939 velluntur
446 1919 454 1943 ¹,
470 1920 575 1951 magno
591 1908 708 1951 quidem
720 1920 887 1951 argumento
901 1919 966 1939 cum
984 1910 1016 1939 iis
1031 1919 1091 1938 non
1105 1905 1159 1937 esse
1173 1910 1350 1938 continuatas
1364 1929 1374 1942 ,
1389 1917 1420 1937 ut
1433 1905 1522 1949 vulgo

286 1951 421 1981 creditur.

335 1993 482 2025 Postremo
503 1993 644 2024 musculus
670 1993 724 2024 suis
751 1992 874 2024 donatur
893 1992 1018 2024 nervulis
1041 2015 1050 2028 ‚
1084 2004 1133 2037 pet
1154 2004 1225 2036 quos
1249 1992 1360 2035 spiritus
1382 1990 1521 2023 animales

287 2036 456 2068 deferuntur
468 2061 478 2074 ,
494 2039 547 2068 suis
567 2039 634 2067 irem
655 2039 762 2067 arteriis
775 2059 784 2072 ,
805 2048 867 2079 qua·
881 2036 1044 2079 sanguinem
1059 2038 1087 2066 in
1101 2047 1186 2066 venas
1200 2037 1393 2067 transmittunt
1408 2048 1415 2067 τ
1430 2045 1520 2078 partes

291 2079 347 2152 illalt
368 2092 469 2112 omnes
490 2079 666 2112 membranis
687 2083 855 2113 muniuntur
869 2103 878 2117 ,
902 2080 1006 2123 quibus
1028 2079 1075 2110 alii
1097 2079 1132 2110 ab
1153 2078 1214 2110 aliis
1237 2080 1420 2111 secernuntur
1443 2076 1521 2115 inus-A

292 2134 326 2155 cu
340 2134 357 2153 r.
