1638 2345
306 79 623 114 ACADEMIAE
666 81 956 116 HISTORIA.
981 84 1067 115 LIB.
1099 87 1147 118 11.
1245 87 1307 126 '207

80 121 150 166 Ῥίτζ
170 121 253 165 atque
270 123 372 156 urbem
395 126 559 169 Antipolim
585 130 710 169 primum
738 128 808 159 adiit
828 129 1002 171 antiquitatis
1029 131 1224 161 monumentis
1238 152 1247 166 ‚
1276 134 1306 162 δε
1322 133 1421 173 Astra-

83 175 170 207 portu
188 167 248 209 ipso
267 166 408 199 nobilem.
433 170 625 212 Ptaeterquam
643 170 679 201 ab
692 171 764 202 ostio
781 174 852 203 Vari
867 195 876 207 ,
891 173 940 213 qui
955 171 1137 202 Provinciam
1151 172 1166 201 Ξι
1185 174 1308 205 Nicaeno
1322 188 1390 208 nom.

83 209 234 240 Comitatu
247 209 423 243 disterminat
435 235 445 247 ‚
456 212 570 254 cujusve
581 213 682 254 pofitio
693 226 750 246 erat
760 214 953 246 constituenda
965 236 974 248 ,
996 225 1053 245 non
1068 214 1190 246 multum
1207 216 1288 247 distat
1301 232 1307 248 ;

78 251 153 282 adeo
173 262 203 283 ut
219 252 297 283 illius
313 252 377 285 fitus
397 267 446 299 pet
464 256 602 299 triangula
619 255 717 288 habeti
738 257 849 301 posset,
868 268 950 301 atque
963 257 1034 288 adeo
1052 262 1111 300 ejus
1127 270 1194 290 cum
1211 259 1310 291 latitu-

79 293 122 325 do
134 317 143 330 ‚
161 305 221 326 tum
246 295 399 339 longitudo
418 297 541 329 definiti.

127 338 276 382 Antipolis
297 340 418 371 latitudo
437 344 553 372 inventa
577 342 614 372 est
639 343 684 372 die
712 353 726 371 2
758 343 936 374 Novembris
960 355 1016 383 43,
1037 355 1072 383 34
1093 347 1164 375 min.
1192 357 1227 376 10
1258 347 1309 380 sec.

79 379 243 412 differentia
261 384 416 414 Meridian.
440 386 559 415 Lutetiae
575 388 605 415 &
623 384 769 427 Antipolis
791 399 821 426 19
849 389 918 418 min.
933 399 960 418 11
990 389 1040 418 sec.
1057 392 1137 418 umus
1157 389 1234 419 hotae
1250 404 1255 421 ε
1274 395 1311 422 ita

80 433 111 453 ut
129 435 177 454 arx
197 426 255 468 ipsa
280 426 434 457 Orientem
458 427 552 458 versus
571 431 660 471 magis
678 428 801 460 declinet
818 440 904 471 quam
927 429 1167 461 Observatou‘um
1180 435 1310 475 regium,

80 465 167 508 idque
185 479 218 498 ex
231 468 412 499 immersione
426 473 510 512 primi
528 470 655 501 satellitis
672 471 755 512 Jovis
772 483 952 515 compertum
974 472 1036 504 suit.

123 512 136 540 I
150 512 162 540 Ι
175 512 198 540 Ι.
236 513 314 541 Hinc
331 512 474 544 Telonem
489 536 498 549 ‚
519 513 564 543 seu
586 513 746 545 Tulonium
760 514 903 558 profectus
916 538 926 551 ‚
943 528 975 546 cx
989 516 1072 547 stellae
1090 516 1198 548 Polaris
1220 523 1312 551 maxi.

78 561 128 582 ma
144 556 174 583 ὅ(
190 557 310 593 minima
329 555 479 586 altitudine
491 579 500 592 ‚
517 556 699 588 latitudinem
715 561 832 601 majoris
848 557 977 591 Ecclesiae
992 562 1102 591 invenit
1122 572 1156 600 43
1171 583 1180 596 ,
1205 569 1223 592 6
1236 566 1309 595 min.

77 606 124 638 40
147 597 200 629 sec.

121 641 163 670 Ex
187 640 368 672 immersione
388 645 473 685 primi
506 641 633 673 satellitis
660 642 872 686 longitudinem
893 644 968 676 illius
994 646 1050 677 loci
1071 652 1212 689 majorem
1235 649 1312 686 esse,'

79 680 128 712 seu
147 683 182 714 ad
197 686 352 715 Orientem
375 689 464 728 magis
485 697 600 728 vergere
611 709 622 722 ,
648 697 733 728 quam
748 687 988 720 Observatorium
1016 690 1139 734 Regium
1155 704 1166 731 3
1182 693 1260 735 grad.
1274 705 1304 736 35

78 728 152 756 min.
168 739 196 767 35
216 727 265 757 sec.
284 740 373 772 prope
387 728 548 759 Tulonium
565 728 673 761 excelsa
692 731 822 773 quaedam
838 757 846 767 ,
869 735 898 762 ὃ(
914 744 1053 776 ptaetupta
1066 734 1103 764 est
1117 746 1199 777 rupes
1212 758 1222 770 ,
1237 736 1309 768 hanc

79 767 217 800 Montem
242 770 364 802 Clarum
384 794 393 807 ,
416 773 457 801 Le
477 773 684 802 Mom>Clairec
707 785 808 806 vocant
830 789 837 807 ε
860 776 890 805 in
912 779 972 818 ejus
993 780 1128 808 verticem
1144 778 1310 811 conscendit

77 810 127 842 die
149 824 167 851 7
190 813 362 845 Decembris
385 826 451 846 cum
470 814 565 846 libella
590 819 620 847 ὅ(
639 817 829 854 Barometm,
849 829 983 849 cacumen
999 819 1083 862 hujus
1102 823 1209 852 montis
1230 822 1311 867 supra

75 859 163 886 matis
189 855 364 900 superficiem
386 856 491 889 elatum
514 859 552 889 est
575 870 632 901 257
660 859 818 903 hexapedas
836 884 846 898 ,
881 860 1073 904 hydrargytus
1093 863 1128 894 ad
1160 870 1195 895 26
1226 865 1311 908 digit.

80 900 112 927 &
136 910 155 935 4
175 898 223 929 lin.
250 901 289 931 ibi
310 901 454 944 suspensus
473 912 531 932 erat
546 928 555 941 ,
574 903 636 945 post
649 911 705 933 tres
723 904 805 935 horas
823 908 852 935 in
869 907 954 935 matis
972 904 1067 936 littore
1088 907 1123 938 ad
1143 911 1175 938 28
1193 907 1311 951 pollices

81 943 113 970 &
134 954 149 973 2
171 941 222 974 lin.
247 943 394 975 ascendit:
418 946 455 975 ita
475 944 678 977 utd1fferentia
691 947 834 992 uttiusque
849 947 1006 979 altitudinis
1023 948 1107 981 fuerit
1128 953 1209 982 unius
1224 951 1311 995 digiti

80 986 113 1014 ὃ(
135 996 150 1021 9
174 985 225 1016 lin.

126 1029 188 1060 IV.
231 1030 322 1073 Aquis
344 1032 447 1061 Sextiis
468 1029 588 1062 altitudo
601 1031 665 1063 Poli
682 1035 795 1065 inventa
811 1033 849 1063 est
872 1046 959 1078 prope
978 1046 1089 1078 portam
1104 1046 1164 1077 quae
1179 1038 1309 1069 Avenio-

78 1079 146 1100 nem
163 1070 265 1108 ducit,
285 1085 318 1112 43
335 1096 343 1109 ,
366 1085 391 1113 31
411 1076 485 1105 min.
500 1074 632 1117 Lugduni
652 1088 738 1120 prope
761 1076 912 1108 Ecclesiam
934 1080 963 1108 S.
980 1077 1060 1109 Pauli
1073 1089 1182 1122 reperta
1203 1081 1241 1112 est
1260 1093 1307 1122 45,

80 1123 119 1154 45
139 1136 147 1148 ³
172 1126 219 1155 35·

122 1158 163 1187 Ex
183 1158 440 1190 Observationibus
461 1159 476 1190 a
502 1161 540 1190 D.
560 1162 598 1191 D.
619 1161 718 1193 Picard
733 1184 742 1197 ‚
764 1165 793 1192 &
814 1161 850 1193 de
868 1163 895 1194 la
911 1166 985 1196 Hire
1003 1168 1075 1196 circa
1093 1164 1235 1206 utriusque
1247 1178 1308 1197 ma-

76 1199 219 1231 rislittora
236 1204 287 1232 tite
307 1205 425 1244 peraffis
442 1226 450 1237 ‚
471 1214 553 1245 atque
570 1215 604 1234 ex
624 1205 685 1235 aliis
698 1215 764 1247 quis
780 1206 809 1234 'm
829 1206 889 1247 ipso
910 1208 1080 1239 Continenti
1106 1208 1147 1240 D.
1162 1208 1307 1245 Gallinas,

79 1242 121 1272 D.
138 1243 173 1274 de
198 1243 224 1274 la
246 1246 318 1276 Hire
332 1267 341 1279 ,
366 1249 396 1276 &
422 1245 480 1276 Alii
506 1247 670 1278 Academici
691 1251 804 1290 utrique
820 1249 962 1290 adjutores
985 1250 1043 1281 dati
1061 1263 1135 1281 anno
1150 1251 1309 1295 inscqicnti

77 1287 205 1317 inierunt
218 1309 226 1321 ‚
247 1288 343 1318 charta
359 1288 462 1320 Gilliae
477 1312 485 1324 ,
509 1289 600 1320 multo
621 1291 799 1322 emendatior
820 1302 905 1333 quam
929 1292 986 1323 ulla
1002 1316 1009 1328 ,
1028 1305 1091 1336 quat
1113 1294 1247 1325 ha&enu>
1262 1297 1308 1327 vel

76 1327 93 1357 ὲ
114 1329 288 1371 petitissimis
311 1332 490 1374 Geographis
508 1333 580 1363 edit-³
601 1334 706 1368 fucrit,
730 1337 896 1366 concinnari
919 1337 1017 1379 potest.
1044 1340 1139 1378 Hujus
1165 1339 1307 1380 specimen

77 1370 157 1402 dedit
179 1374 219 1403 D.
240 1373 276 1403 de
296 1373 322 1403 la
339 1376 413 1406 Hire
435 1379 465 1406 in
490 1375 660 1407 collectione
685 1377 933 1408 Observationum
960 1381 1222 1412 Asttouomicatum
1245 1394 1308 1413 ante

77 1413 187 1456 aliquot
210 1427 298 1447 annos
319 1417 405 1448 edita.
427 1420 505 1450 Nam
527 1421 557 1448 in
571 1430 628 1450 una
645 1423 674 1451 &
692 1420 790 1451 eadem
808 1419 896 1462 figura
917 1433 1017 1453 omnes
1032 1446 1040 1458 ‚
1064 1435 1126 1466 quae
1148 1423 1229 1455 sansta-
1246 1424 1306 1456 sunt

77 1460 107 1488 in
125 1458 226 1490 Gallis:
248 1459 390 1490 littoribus
406 1462 441 1492 ad
461 1473 564 1492 annum
582 1462 668 1505 usque
692 1467 762 1503 1683
785 1462 985 1495 obervationcs
1004 1471 1185 1497 continentur
1204 1467 1306 1502 3limul

75 1501 174 1532 videre
190 1503 227 1533 cst
243 1514 379 1545 quantum
402 1504 572 1535 discriminis
588 1506 743 1537 intercedat
758 1510 831 1537 inter
845 1508 953 1538 chartas
975 1509 1076 1540 Gallia·
1093 1509 1138 1540 vel
1152 1515 1241 1554 magis
1256 1523 1306 1543 ex-

74 1544 189 1585 quisitas
204 1568 212 1581 ,
237 1549 267 1577 3<
284 1547 356 1577 hanc
374 1558 436 1589 quae
457 1559 489 1578 ex
504 1549 657 1579 observatis
673 1561 798 1581 accurate
812 1549 881 1581 locis
898 1551 951 1581 fuit
966 1551 1117 1584 delineata.

124 1592 162 1619 V.
199 1590 294 1632 Atque
316 1593 338 1620 is
355 1591 392 1621 cst
409 1602 449 1622 tot
468 1594 601 1623 itinerum
621 1595 649 1623 δέ
670 1591 800 1623 laborum
821 1592 925 1625 finctus
940 1594 1096 1627 ubertimus
1110 1619 1119 1631 ,
1142 1608 1171 1627 ut
1184 1609 1217 1628 ex
1235 1597 1303 1628 Ob-

77 1629 283 1663 servationibus
303 1634 508 1665 Astronomicis
520 1634 722 1666 accuratissime
735 1639 854 1680 peractis
874 1638 919 1668 lux
939 1649 1013 1669 nova
1027 1650 1087 1670 tum
1102 1642 1301 1683 Geogrwhiae,

78 1684 139 1704 tum
162 1676 314 1717 navigandi
346 1679 408 1708 Atti
435 1678 584 1709 accesserit.
618 1680 683 1721 jam
703 1691 777 1710 anno
806 1684 882 1718 1678
909 1681 990 1722 hujus
1016 1686 1109 1726 operis
1135 1683 1303 1726 perficiendi

77 1715 172 1747 forma
191 1718 206 1747 ὲ
226 1719 384 1751 D.Caffini
401 1720 541 1763 designata
560 1720 648 1753 fuerat
674 1735 707 1753 cx
728 1722 831 1754 tabulis
858 1723 1008 1756 satellitum
1028 1727 1120 1768 Jovis.
1146 1729 1215 1758 Eam
1242 1740 1302 1759 me-

79 1759 202 1790 thodum
227 1765 255 1792 δε
281 1767 419 1794 rationem
439 1764 522 1794 secuti
545 1764 627 1800 sunt,
648 1769 697 1809 qui
713 1765 783 1808 jussu
802 1768 890 1809 Regis
903 1771 981 1799 varia
1000 1769 1112 1812 ingressi
1129 1771 1191 1802 sunt
1205 1774 1305 1802 itinera

78 1805 184 1833 cumin
200 1804 323 1836 Galliam
335 1829 344 1842 ,
364 1817 424 1838 tum
439 1812 466 1838 in
484 1807 611 1838 Africam
630 1811 659 1839 &
677 1812 706 1839 in
723 1811 895 1841 Americam.
921 1811 1147 1844 Observationes
1163 1817 1192 1844 in
1207 1818 1306 1844 exteris

80 1847 111 1875 ἃ
129 1845 213 1887 longe
230 1847 330 1879 dissitis
352 1850 514 1894 regionibus
535 1849 613 1882 fiftae
633 1875 642 1887 ‚
667 1864 732 1883 cum
753 1856 785 1887 iis
799 1865 859 1896 quae
885 1857 915 1884 in
939 1855 1148 1888 Observatorio
1166 1857 1307 1887 habtl-an-

80 1897 126 1918 tut
141 1911 148 1923 ‚
169 1888 276 1921 collata·
298 1892 369 1923 sunt.
396 1896 565 1925 Accumtam
590 1895 691 1925 Gallia:
708 1897 834 1927 charram
852 1896 1021 1931 delineatam
1039 1900 1138 1931 utilem
1161 1899 1221 1929 fore
1240 1899 1306 1929 reli-

79 1934 143 1972 quis
163 1931 342 1975 perficiendis
362 1937 497 1977 judicavit
518 1938 681 1969 Academia.
719 1941 763 1971 Ac
783 1940 897 1972 tandem
919 1941 990 1974 illud
1012 1955 1044 1973 cx
1061 1943 1143 1985 longa
1161 1943 1304 1973 Observat-

79 1977 190 2004 tionum
210 1975 277 2008 serie
291 1979 455 2010 conclusum
477 1983 570 2023 postea
595 1980 647 2012 fuit
659 2005 672 2019 ‚V
690 1981 818 2014 locorum
842 1983 1037 2027 longitudines
1057 1987 1147 2016 multo
1171 1986 1304 2015 arctiores

79 2015 133 2046 tss'e
148 2040 156 2052 ‚
181 2022 212 2048 iis
231 2030 293 2061 (με
316 2024 344 2051 in
368 2022 471 2054 tabulis
495 2026 702 2068 Gcographicis
723 2036 825 2057 noratae
848 2027 918 2059 sunt.
943 2030 1035 2071 Cujus
1056 2032 1093 2059 tei
1117 2041 1146 2058 ca
1170 2027 1242 2058 forte
1267 2028 1304 2058 cst

81 2063 152 2091 tatio
174 2064 251 2105 quod
270 2067 323 2095 iter
338 2064 470 2097 facientes
488 2079 534 2099 aut
552 2071 581 2099 in
602 2079 674 2100 terra
689 2092 697 2105 ‚
717 2078 761 2100 aut
780 2074 808 2101 in
827 2074 899 2103 mari
911 2097 919 2113 ,
940 2077 969 2103 in
989 2071 1182 2114 computando
1196 2073 1304 2102 itineri-j
